2038 3140
494 616 1006 677 CORRIGENDA
1051 618 1155 676 ΕΤ
1203 618 1590 676 ADDENDA

693 729 759 773 IN
790 729 1121 775 FAscicVLo
1153 730 1389 774 ALTERO

318 832 552 876 Lubenter
582 833 670 876 hac
705 833 947 878 occasione
981 833 1143 878 oblata
1166 835 1273 878 utor
1296 835 1350 877 ut
1372 848 1522 890 pauca
1546 847 1665 889 quae
1689 833 1879 877 interim

200 898 306 942 aliis
330 898 505 942 mihive
529 898 631 942 visa
655 901 764 942 sunt
786 899 836 942 in
861 900 1008 944 altero
1033 898 1258 943 fasciculo
1282 898 1420 942 huius
1442 898 1704 955 corpusculi
1726 898 1879 941 minus

197 966 322 1009 recte
341 964 668 1009 administrata
693 964 789 1010 sive
806 966 1137 1022 praetermissa
1160 978 1435 1020 componam
1452 965 1744 1020 adiciamque
1762 977 1880 1020 quae

197 1045 320 1076 nova
352 1044 600 1075 accessere.

319 1120 365 1161 p.
393 1111 417 1149 6
453 1122 492 1150 v.
520 1112 545 1150 2
577 1107 686 1161 post
718 1107 967 1151 σιλλαιύειν
1001 1105 1172 1150 addere
1200 1105 1334 1162 potui
1363 1105 1758 1159 κατασιλλαίνειν,
1793 1103 1881 1146 ibi-

201 1173 398 1227 demque
423 1172 528 1217 adn.
549 1178 574 1216 2
600 1172 737 1216 huius
753 1172 885 1217 verbi
901 1174 1070 1216 testem
1086 1171 1292 1228 proferre
1309 1171 1642 1228 Hippocratem
1664 1185 1709 1227 p.
1725 1175 1795 1224 27,
1809 1174 1879 1213 41.

314 1253 357 1294 p.
394 1243 418 1281 6
450 1253 492 1282 v.
525 1242 553 1281 4
587 1239 879 1294 ‘Cercopum’
914 1238 1020 1295 lege
1051 1252 1136 1296 pro
1171 1237 1481 1294 ‘Cecropum'.

315 1318 361 1360 p.
395 1308 420 1347 8
454 1304 559 1348 adn.
595 1310 619 1349 7
656 1306 898 1363 ‘Domo-qr?
934 1304 1039 1360 lege
1069 1318 1154 1360 pro
1191 1305 1562 1361 ‘Parad0oe09r.’.

315 1384 360 1425 p.
390 1375 443 1414 13
471 1371 574 1414 adn.
598 1377 618 1414 1
647 1370 790 1414 adde:
819 1369 912 1414 ‘vel
930 1370 990 1413 ad
1008 1383 1152 1414 annos
1171 1374 1403 1414 225-223
1423 1369 1661 1414 Cleanthis
1685 1369 1883 1413 mortem

198 1436 443 1480 detrudere
483 1435 635 1481 voluit
665 1437 824 1493 Unger
862 1435 1115 1494 Sitzuwysb.
1149 1437 1192 1480 d.
1225 1437 1415 1481 Manch.
1450 1437 1536 1480 Alc.
1573 1440 1683 1480 1887
1716 1450 1761 1491 p.
1798 1440 1904 1478 104·

200 1502 487 1558 argumentis
525 1516 635 1547 sane
668 1517 778 1546 usus
809 1515 1105 1557 nequaquam
1138 1502 1198 1545 ad
1225 1502 1602 1558 persuadendum
1631 1500 1852 1545 idoneis'.

315 1585 358 1625 p.
396 1574 449 1612 13
483 1568 588 1613 adn.
622 1574 647 1612 2
681 1568 823 1612 adde:
859 1569 966 1611 ‘hac
999 1582 1055 1611 ex
1084 1570 1220 1624 parte
1252 1567 1455 1624 Koepkii
1486 1567 1883 1624 computationem

199 1635 431 1678 Susemihl
454 1636 578 1680 anal.
603 1634 737 1679 Aleoe.
763 1635 959 1679 chronol.
985 1633 1081 1677 ind.
1106 1634 1211 1680 lect.
1236 1634 1409 1690 Gryph.
1433 1633 1528 1677 hib.
1551 1632 1737 1692 18857'86
1758 1649 1802 1690 p.
1819 1632 1884 1674 XI

198 1700 545 1757 comprobavit,
586 1714 690 1744 cum
730 1699 935 1744 Couatus
973 1699 1085 1743 libri
1122 1700 1285 1744 multis
1323 1699 1590 1744 nominibus
1629 1698 1882 1743 laudabilis

200 1768 246 1810 Za
263 1769 415 1823 poesie
438 1767 756 1812 Alemandrine
774 1768 926 1822 (1882)
944 1781 989 1822 p.
1011 1771 1067 1810 46
1093 1779 1197 1809 611111
1213 1766 1426 1823 Roepero
1453 1779 1604 1810 errare
1627 1765 1879 1809 maluerit’.

319 1847 365 1889 p.
394 1837 446 1876 17
474 1833 579 1876 adn.
607 1838 629 1876 1
662 1833 772 1888 post
795 1830 1016 1889 σχολάσαι
1039 1832 1181 1877 adde:
1217 1831 1536 1889 ‘(6v675020260c1.
1564 1833 1692 1876 recte
1717 1830 1883 1887 opinor

198 1898 401 1942 coniecit
440 1898 674 1942 Susemihl
711 1898 742 1942 1.
776 1913 811 1942 s,
849 1912 895 1953 p.
934 1898 998 1941 XI
1037 1898 1142 1942 adn.
1184 1904 1240 1942 47
1282 1899 1386 1942 coll.
1427 1913 1472 1955 p.
1505 1897 1593 1940 XII
1632 1898 1737 1942 adn.
1776 1897 1877 1954 59)’

197 1966 246 2007 et
285 1964 336 2007 in
374 1964 464 2007 fine
505 1964 647 2007 adde:
697 1964 782 2007 ‘de
815 1963 950 2006 Arati
991 1977 1096 2007 cum
1125 1963 1319 2008 Timone
1360 1963 1635 2007 commercio
1668 1962 1768 2019 egit
1797 1977 1880 2006 nu-

198 2030 401 2087 perrime
435 2030 669 2075 Susemihl
699 2030 729 2075 1.
764 2045 798 2074 s.
831 2031 936 2086 p.V
969 2030 1074 2075 adn.
1101 2036 1127 2074 6
1160 2031 1210 2074 et
1239 2046 1283 2087 p.
1308 2030 1415 2073 XIII
1446 2030 1550 2074 adn.
1585 2030 1684 2074 62².

316 2112 360 2153 p.
397 2101 450 2141 18
483 2097 589 2141 adn.
623 2097 742 2140 3fin.
778 2096 918 2141 adde:
956 2095 1082 2140 ‘vide
1113 2110 1235 2140 nunc
1268 2090 1599 2140 Susemihlium
1630 2095 1661 2140 1.
1696 2111 1730 2140 s,
1761 2111 1807 2152 p.
1838 2094 1899 2139 V³

199 2163 303 2208 adn.
339 2164 409 2207 δ’.

317 2245 362 2286 p.
392 2235 444 2274 19
469 2229 590 2274 med.
610 2243 730 2285 quae
755 2229 812 2272 de
830 2227 985 2272 verbis
1001 2227 1180 2272 Laertii
1203 2227 1579 2286 φιλογράμματος
1603 2224 1678 2284 (ἦν
1707 2230 1880 2287 Τίμων)

201 2294 282 2339 καὶ
327 2301 423 2346 τοῖς
467 2301 684 2351 ποιηταῖς
731 2295 913 2352 μύθους
951 2292 1133 2351 ’γράψαι
1173 2292 1335 2346 ἱκανὸς
1373 2299 1465 2339 κτλ.
1513 2294 1752 2351 disputavi
1788 2308 1882 2339 non

198 2361 419 2416 probavit
447 2361 654 2406 Hillerus
685 2362 900 2407 Deutsch.
933 2362 1184 2406 Lim-Zeia
1214 2366 1326 2406 1886
1357 2377 1402 2418 p.
1427 2366 1527 2418 472,
1561 2362 1636 2405 cui
1663 2361 1883 2406 videntur

199 2426 320 2471 nihil
372 2427 459 2471 illa
514 2427 777 2484 significare
830 2427 922 2471 nisi
969 2428 1212 2472 Timonem
1259 2427 1529 2484 tragoedias
1577 2442 1683 2472 suas
1728 2427 1881 2484 poetis

197 2493 526 2537 Alexandrinis
557 2494 758 2538 Homero
790 2493 1151 2554 Alexandroque
1182 2493 1448 2538 tradidisse.

317 2575 361 2616 p.
395 2565 452 2604 20
481 2574 523 2603 v.
557 2565 612 2604 22
632 2574 698 2615 sq.
731 2558 999 2604 coniectura
1037 2573 1065 2602 a
1102 2573 1177 2602 me
1210 2559 1268 2604 de
1299 2559 1524 2604 librorum
1554 2559 1881 2604 Timoneorum

200 2625 362 2669 ordine
394 2625 581 2682 prolata
610 2640 705 2671 non
733 2625 885 2682 magis
916 2626 1096 2683 placuit
1126 2625 1277 2670 eidem
1307 2641 1352 2682 p.
1385 2631 1492 2682 4733
1540 2627 1718 2677 σίλλους
1755 2625 1881 2669 enim

200 2705 256 2734 ex
287 2691 437 2735 altero
468 2691 599 2735 fonte
631 2690 818 2735 additos
851 2705 973 2747 esse,
1013 2691 1139 2747 quod
1168 2693 1327 2735 tamen
1358 2691 1474 2735 mihi
1503 2706 1598 2736 non
1626 2691 1878 2748 persuasit.

200 2771 257 2800 ea
289 2756 413 2800 enim
444 2770 565 2812 quae
596 2771 652 2801 ex
687 2757 834 2801 altero
865 2756 948 2802 illo
980 2757 1111 2802 fonte
1143 2757 1331 2802 adiecta
1362 2759 1470 2800 sunt
1497 2769 1611 2813 prae
1643 2770 1692 2800 se
1722 2756 1882 2800 ferunt
1915 2768 1922 2771 ’

197 2821 646 2879 pinacographicam
693 2822 918 2880 speciem,
965 2837 1085 2879 quae
1130 2823 1237 2880 ipsa
1280 2822 1331 2866 in
1373 2821 1528 2867 verbis
1575 2823 1754 2873 σίλλους
1799 2821 1881 2866 καὶ

198 2890 440 2940 κιναίδους
470 2889 616 2933 deest.

316 2969 360 3011 p.
394 2958 448 2999 21
483 2954 588 2999 adn.
624 2954 742 2999 lfin.
774 2954 916 2999 adde:
952 2954 1030 3000 (οἱ.
1061 2954 1307 3012 praeterea
1336 2953 1560 2998 Herodot.
1593 2953 1635 2998 V
1668 2954 1788 2998 113’.
