<?xml version="1.0" encoding="UTF-8"?>
<!DOCTYPE html PUBLIC "-//W3C//DTD XHTML 1.0 Transitional//EN"
    "http://www.w3.org/TR/xhtml1/DTD/xhtml1-transitional.dtd">
<html xmlns="http://www.w3.org/1999/xhtml" xml:lang="en" lang="en">
 <head>
  <title>
</title>
<meta http-equiv="Content-Type" content="text/html;charset=utf-8" />
  <meta name='ocr-system' content='tesseract 3.04.00' />
  <meta name='ocr-capabilities' content='ocr_page ocr_carea ocr_par ocr_line ocrx_word'/>
</head>
<body>
  <div class='ocr_page' id='page_1' title='image "./corpusculumpoesi01lipsuoft_0089.png"; bbox 0 0 2038 3140; ppageno 0'>
   <div class='ocr_carea' id='block_1_1' title="bbox 61 97 1084 152">
    <p class='ocr_par' dir='ltr' id='par_1_1' title="bbox 61 97 1084 152">
     <span class='ocr_line' id='line_1_1' title="bbox 61 97 1084 152; baseline -0.003 0"><span class='ocrx_word' id='word_1_1' title='bbox 61 117 346 152; x_wconf 69' lang='lat' dir='ltr'>coNVIVIVM</span> <span class='ocrx_word' id='word_1_2' title='bbox 384 116 617 151; x_wconf 77' lang='lat' dir='ltr'>ATT1ovM</span> <span class='ocrx_word' id='word_1_3' title='bbox 729 128 788 134; x_wconf 97' lang='lat'><strong>—</strong></span> <span class='ocrx_word' id='word_1_4' title='bbox 872 97 940 150; x_wconf 76' lang='lat'>75</span> <span class='ocrx_word' id='word_1_5' title='bbox 1023 128 1084 134; x_wconf 91' lang='lat'>—</span> 
     </span>
    </p>
   </div>
   <div class='ocr_carea' id='block_1_2' title="bbox 0 229 1749 2967">
    <p class='ocr_par' dir='ltr' id='par_1_2' title="bbox 0 229 1749 2967">
     <span class='ocr_line' id='line_1_2' title="bbox 61 229 1747 297; baseline -0.001 -14"><span class='ocrx_word' id='word_1_6' title='bbox 61 229 178 297; x_wconf 71' lang='lat' dir='ltr'>‘quo</span> <span class='ocrx_word' id='word_1_7' title='bbox 219 235 387 283; x_wconf 87' lang='lat' dir='ltr'>sordes</span> <span class='ocrx_word' id='word_1_8' title='bbox 428 234 459 282; x_wconf 91' lang='lat' dir='ltr'>i.</span> <span class='ocrx_word' id='word_1_9' title='bbox 492 251 531 283; x_wconf 93' lang='lat' dir='ltr'>e.</span> <span class='ocrx_word' id='word_1_10' title='bbox 572 250 651 283; x_wconf 87' lang='lat' dir='ltr'>res</span> <span class='ocrx_word' id='word_1_11' title='bbox 692 234 915 283; x_wconf 87' lang='lat' dir='ltr'>abiectae</span> <span class='ocrx_word' id='word_1_12' title='bbox 956 249 982 282; x_wconf 91' lang='lat' dir='ltr'>e</span> <span class='ocrx_word' id='word_1_13' title='bbox 1021 234 1244 282; x_wconf 79' lang='lat' dir='ltr'>convivio</span> <span class='ocrx_word' id='word_1_14' title='bbox 1288 234 1641 294; x_wconf 71' lang='lat' dir='ltr'>mittebantur,</span> <span class='ocrx_word' id='word_1_15' title='bbox 1691 236 1747 281; x_wconf 88' lang='lat' dir='ltr'>ut</span> 
     </span>
     <span class='ocr_line' id='line_1_3' title="bbox 60 310 1749 377; baseline 0 -14"><span class='ocrx_word' id='word_1_16' title='bbox 60 316 304 363; x_wconf 87' lang='lat' dir='ltr'>fluctuum</span> <span class='ocrx_word' id='word_1_17' title='bbox 341 315 502 363; x_wconf 88' lang='lat' dir='ltr'>instar</span> <span class='ocrx_word' id='word_1_18' title='bbox 540 310 835 364; x_wconf 75' lang='lat' dir='ltr'>affluerent&#39;.</span> <span class='ocrx_word' id='word_1_19' title='bbox 904 313 1136 362; x_wconf 87' lang='lat' dir='ltr'>Ceterum</span> <span class='ocrx_word' id='word_1_20' title='bbox 1174 314 1255 363; x_wconf 91' lang='lat' dir='ltr'>hic</span> <span class='ocrx_word' id='word_1_21' title='bbox 1293 330 1466 363; x_wconf 85' lang='lat' dir='ltr'>versus</span> <span class='ocrx_word' id='word_1_22' title='bbox 1507 331 1567 363; x_wconf 83' lang='lat' dir='ltr'>ex</span> <span class='ocrx_word' id='word_1_23' title='bbox 1605 317 1749 377; x_wconf 89' lang='lat' dir='ltr'>parte</span> 
     </span>
     <span class='ocr_line' id='line_1_4' title="bbox 56 389 1748 462; baseline 0 -18"><span class='ocrx_word' id='word_1_24' title='bbox 56 395 320 444; x_wconf 86' lang='lat' dir='ltr'>confirmat</span> <span class='ocrx_word' id='word_1_25' title='bbox 334 396 516 444; x_wconf 89' lang='lat' dir='ltr'>Veneti</span> <span class='ocrx_word' id='word_1_26' title='bbox 540 396 838 457; x_wconf 73' lang='lat' dir='ltr'>scripturam</span> <span class='ocrx_word' id='word_1_27' title='bbox 870 397 1029 444; x_wconf 60' lang='lat'>4161:</span> <span class='ocrx_word' id='word_1_28' title='bbox 1070 389 1145 442; x_wconf 82' lang='grc' dir='ltr'>ἐπ’</span> <span class='ocrx_word' id='word_1_29' title='bbox 1174 391 1345 458; x_wconf 74' lang='grc' dir='ltr'><em>ἠιόνος</em></span> <span class='ocrx_word' id='word_1_30' title='bbox 1367 398 1417 443; x_wconf 88' lang='lat' dir='ltr'><em>A</em></span> <span class='ocrx_word' id='word_1_31' title='bbox 1442 389 1541 462; x_wconf 81' lang='grc' dir='ltr'>(ἐπ’</span> <span class='ocrx_word' id='word_1_32' title='bbox 1574 392 1748 459; x_wconf 75' lang='grc' dir='ltr'><em>ἠιόνας</em></span> 
     </span>
     <span class='ocr_line' id='line_1_5' title="bbox 59 469 1740 543; baseline 0.002 -21"><span class='ocrx_word' id='word_1_33' title='bbox 59 476 200 525; x_wconf 86' lang='lat' dir='ltr'>Vrat.</span> <span class='ocrx_word' id='word_1_34' title='bbox 218 469 354 543; x_wconf 85' lang='lat' dir='ltr'>duo),</span> <span class='ocrx_word' id='word_1_35' title='bbox 379 475 642 534; x_wconf 79' lang='grc' dir='ltr'><em>κλύζεσκον</em></span> <span class='ocrx_word' id='word_1_36' title='bbox 659 492 809 539; x_wconf 90' lang='lat' dir='ltr'>supra</span> <span class='ocrx_word' id='word_1_37' title='bbox 826 495 852 525; x_wconf 94' lang='grc' dir='ltr'><em>ο</em></span> <span class='ocrx_word' id='word_1_38' title='bbox 871 476 1038 538; x_wconf 85' lang='lat' dir='ltr'>script.</span> <span class='ocrx_word' id='word_1_39' title='bbox 1058 493 1079 523; x_wconf 85' lang='grc' dir='ltr'><em>ε</em></span> <span class='ocrx_word' id='word_1_40' title='bbox 1096 477 1159 538; x_wconf 87' lang='lat' dir='ltr'>A,</span> <span class='ocrx_word' id='word_1_41' title='bbox 1181 476 1430 538; x_wconf 85' lang='lat' dir='ltr'>adscripto</span> <span class='ocrx_word' id='word_1_42' title='bbox 1448 478 1499 525; x_wconf 91' lang='lat' dir='ltr'>in</span> <span class='ocrx_word' id='word_1_43' title='bbox 1516 478 1740 540; x_wconf 85' lang='lat' dir='ltr'>margine</span> 
     </span>
     <span class='ocr_line' id='line_1_6' title="bbox 63 554 1745 620; baseline 0.002 -16"><span class='ocrx_word' id='word_1_44' title='bbox 63 554 270 620; x_wconf 85' lang='grc' dir='ltr'><em>διχ[ῶς].</em></span> <span class='ocrx_word' id='word_1_45' title='bbox 357 556 663 619; x_wconf 89' lang='lat' dir='ltr'>Scripturam</span> <span class='ocrx_word' id='word_1_46' title='bbox 711 556 969 615; x_wconf 79' lang='grc' dir='ltr'><em>κλύζεσκεν</em></span> <span class='ocrx_word' id='word_1_47' title='bbox 1022 557 1209 604; x_wconf 86' lang='lat' dir='ltr'>habent</span> <span class='ocrx_word' id='word_1_48' title='bbox 1254 557 1382 606; x_wconf 87' lang='lat' dir='ltr'>liber</span> <span class='ocrx_word' id='word_1_49' title='bbox 1422 558 1465 607; x_wconf 77' lang='lat' dir='ltr'><strong><em>G</em></strong></span> <span class='ocrx_word' id='word_1_50' title='bbox 1499 558 1745 619; x_wconf 78' lang='lat' dir='ltr'>Larochii‚</span> 
     </span>
     <span class='ocr_line' id='line_1_7' title="bbox 60 631 1749 701; baseline 0.002 -16"><span class='ocrx_word' id='word_1_51' title='bbox 60 638 383 701; x_wconf 86' lang='lat' dir='ltr'>Harleianus,</span> <span class='ocrx_word' id='word_1_52' title='bbox 438 638 580 688; x_wconf 90' lang='lat' dir='ltr'>Eust.</span> <span class='ocrx_word' id='word_1_53' title='bbox 623 640 789 701; x_wconf 84' lang='lat'>1287,</span> <span class='ocrx_word' id='word_1_54' title='bbox 831 639 916 686; x_wconf 81' lang='lat'>26.</span> <span class='ocrx_word' id='word_1_55' title='bbox 1000 631 1068 686; x_wconf 86' lang='lat' dir='ltr'>V.</span> <span class='ocrx_word' id='word_1_56' title='bbox 1115 632 1212 687; x_wconf 77' lang='grc'>21.</span> <span class='ocrx_word' id='word_1_57' title='bbox 1274 639 1426 687; x_wconf 90' lang='lat' dir='ltr'>Pueri</span> <span class='ocrx_word' id='word_1_58' title='bbox 1473 640 1670 688; x_wconf 85' lang='lat' dir='ltr'>echinos</span> <span class='ocrx_word' id='word_1_59' title='bbox 1719 655 1749 687; x_wconf 87' lang='lat' dir='ltr'>a</span> 
     </span>
     <span class='ocr_line' id='line_1_8' title="bbox 56 714 1745 782; baseline 0.001 -15"><span class='ocrx_word' id='word_1_60' title='bbox 56 719 282 767; x_wconf 86' lang='lat' dir='ltr'>Matrone</span> <span class='ocrx_word' id='word_1_61' title='bbox 314 720 560 780; x_wconf 90' lang='lat' dir='ltr'>proiectos</span> <span class='ocrx_word' id='word_1_62' title='bbox 595 720 748 781; x_wconf 89' lang='lat' dir='ltr'>spinis</span> <span class='ocrx_word' id='word_1_63' title='bbox 782 719 1017 768; x_wconf 73' lang='lat' dir='ltr'>extractis</span> <span class='ocrx_word' id='word_1_64' title='bbox 1043 718 1320 768; x_wconf 85' lang='lat' dir='ltr'>comedunt.</span> <span class='ocrx_word' id='word_1_65' title='bbox 1391 714 1459 769; x_wconf 85' lang='lat' dir='ltr'>V.</span> <span class='ocrx_word' id='word_1_66' title='bbox 1495 715 1569 767; x_wconf 75' lang='lat'>22</span> <span class='ocrx_word' id='word_1_67' title='bbox 1614 736 1745 782; x_wconf 90' lang='lat' dir='ltr'>apua</span> 
     </span>
     <span class='ocr_line' id='line_1_9' title="bbox 55 799 1748 863; baseline 0.001 -15"><span class='ocrx_word' id='word_1_68' title='bbox 55 799 317 848; x_wconf 85' lang='lat' dir='ltr'>Phalerica</span> <span class='ocrx_word' id='word_1_69' title='bbox 347 801 583 848; x_wconf 84' lang='lat' dir='ltr'>laudatur</span> <span class='ocrx_word' id='word_1_70' title='bbox 606 801 668 849; x_wconf 89' lang='lat' dir='ltr'>ab</span> <span class='ocrx_word' id='word_1_71' title='bbox 693 802 948 850; x_wconf 86' lang='lat' dir='ltr'>Archestr.</span> <span class='ocrx_word' id='word_1_72' title='bbox 966 801 1025 849; x_wconf 88' lang='lat' dir='ltr'>fr.</span> <span class='ocrx_word' id='word_1_73' title='bbox 1042 801 1127 860; x_wconf 92' lang='lat' dir='ltr'>IX,</span> <span class='ocrx_word' id='word_1_74' title='bbox 1159 801 1399 849; x_wconf 87' lang='lat' dir='ltr'>Machone</span> <span class='ocrx_word' id='word_1_75' title='bbox 1425 817 1502 863; x_wconf 89' lang='lat' dir='ltr'>ap.</span> <span class='ocrx_word' id='word_1_76' title='bbox 1528 801 1644 850; x_wconf 89' lang='lat' dir='ltr'>Ath.</span> <span class='ocrx_word' id='word_1_77' title='bbox 1675 802 1748 849; x_wconf 92' lang='lat' dir='ltr'>VI</span> 
     </span>
     <span class='ocr_line' id='line_1_10' title="bbox 61 875 1745 948; baseline 0.001 -19"><span class='ocrx_word' id='word_1_78' title='bbox 61 882 219 940; x_wconf 76' lang='lat'><strong>2440,</strong></span> <span class='ocrx_word' id='word_1_79' title='bbox 258 880 456 929; x_wconf 87' lang='lat' dir='ltr'>Eubulo</span> <span class='ocrx_word' id='word_1_80' title='bbox 489 897 565 943; x_wconf 87' lang='lat' dir='ltr'>ap.</span> <span class='ocrx_word' id='word_1_81' title='bbox 598 881 716 930; x_wconf 89' lang='lat' dir='ltr'>Ath.</span> <span class='ocrx_word' id='word_1_82' title='bbox 749 882 827 930; x_wconf 93' lang='lat' dir='ltr'>III</span> <span class='ocrx_word' id='word_1_83' title='bbox 862 883 1029 945; x_wconf 75' lang='lat'>108103</span> <span class='ocrx_word' id='word_1_84' title='bbox 1075 881 1127 929; x_wconf 94' lang='lat' dir='ltr'>II</span> <span class='ocrx_word' id='word_1_85' title='bbox 1163 883 1267 930; x_wconf 87' lang='grc'>190</span> <span class='ocrx_word' id='word_1_86' title='bbox 1301 882 1440 931; x_wconf 85' lang='lat' dir='ltr'>Kock</span> <span class='ocrx_word' id='word_1_87' title='bbox 1472 875 1745 948; x_wconf 79' lang='grc' dir='ltr'><em>(φαληρικὴ</em></span> 
     </span>
     <span class='ocr_line' id='line_1_11' title="bbox 56 955 1741 1028; baseline 0.001 -18"><span class='ocrx_word' id='word_1_88' title='bbox 56 955 222 1028; x_wconf 87' lang='grc' dir='ltr'><em>κόρη),</em></span> <span class='ocrx_word' id='word_1_89' title='bbox 247 961 428 1010; x_wconf 84' lang='lat' dir='ltr'>Sotade</span> <span class='ocrx_word' id='word_1_90' title='bbox 444 961 524 1010; x_wconf 94' lang='lat' dir='ltr'>III</span> <span class='ocrx_word' id='word_1_91' title='bbox 542 964 647 1011; x_wconf 88' lang='grc'>508</span> <span class='ocrx_word' id='word_1_92' title='bbox 674 963 843 1026; x_wconf 84' lang='lat' dir='ltr'>Mein.3</span> <span class='ocrx_word' id='word_1_93' title='bbox 870 966 978 1012; x_wconf 91' lang='lat' dir='ltr'>erat</span> <span class='ocrx_word' id='word_1_94' title='bbox 1002 963 1134 1011; x_wconf 89' lang='lat' dir='ltr'>enim</span> <span class='ocrx_word' id='word_1_95' title='bbox 1158 962 1359 1011; x_wconf 88' lang='lat' dir='ltr'>aliunde</span> <span class='ocrx_word' id='word_1_96' title='bbox 1383 963 1541 1025; x_wconf 89' lang='lat' dir='ltr'>captis</span> <span class='ocrx_word' id='word_1_97' title='bbox 1566 964 1741 1026; x_wconf 86' lang='lat' dir='ltr'>maior,</span> 
     </span>
     <span class='ocr_line' id='line_1_12' title="bbox 53 1043 1749 1107; baseline 0.002 -17"><span class='ocrx_word' id='word_1_98' title='bbox 53 1045 113 1091; x_wconf 92' lang='lat' dir='ltr'>ut</span> <span class='ocrx_word' id='word_1_99' title='bbox 149 1043 369 1091; x_wconf 89' lang='lat' dir='ltr'>testatur</span> <span class='ocrx_word' id='word_1_100' title='bbox 408 1043 678 1091; x_wconf 86' lang='lat' dir='ltr'>scholiasta</span> <span class='ocrx_word' id='word_1_101' title='bbox 705 1044 961 1107; x_wconf 88' lang='lat' dir='ltr'>Aristoph.</span> <span class='ocrx_word' id='word_1_102' title='bbox 992 1045 1120 1106; x_wconf 88' lang='lat' dir='ltr'>Equ.</span> <span class='ocrx_word' id='word_1_103' title='bbox 1148 1045 1268 1092; x_wconf 60' lang='lat'>6422</span> <span class='ocrx_word' id='word_1_104' title='bbox 1337 1043 1555 1092; x_wconf 84' lang='lat' dir='ltr'>Tritonis</span> <span class='ocrx_word' id='word_1_105' title='bbox 1588 1044 1749 1093; x_wconf 90' lang='lat' dir='ltr'>amica</span> 
     </span>
     <span class='ocr_line' id='line_1_13' title="bbox 57 1123 1747 1187; baseline 0.001 -16"><span class='ocrx_word' id='word_1_106' title='bbox 57 1138 189 1186; x_wconf 89' lang='lat' dir='ltr'>apua</span> <span class='ocrx_word' id='word_1_107' title='bbox 212 1123 510 1185; x_wconf 87' lang='lat' dir='ltr'>appellatur,</span> <span class='ocrx_word' id='word_1_108' title='bbox 543 1124 674 1172; x_wconf 88' lang='lat' dir='ltr'>sicut</span> <span class='ocrx_word' id='word_1_109' title='bbox 696 1124 835 1187; x_wconf 88' lang='lat' dir='ltr'>ipsae</span> <span class='ocrx_word' id='word_1_110' title='bbox 867 1125 1153 1174; x_wconf 84' lang='lat' dir='ltr'>meretrices</span> <span class='ocrx_word' id='word_1_111' title='bbox 1186 1139 1431 1187; x_wconf 88' lang='lat' dir='ltr'>apuarum</span> <span class='ocrx_word' id='word_1_112' title='bbox 1455 1125 1747 1187; x_wconf 84' lang='lat' dir='ltr'>cognomine</span> 
     </span>
     <span class='ocr_line' id='line_1_14' title="bbox 53 1201 1747 1269; baseline 0 -16"><span class='ocrx_word' id='word_1_113' title='bbox 53 1205 357 1267; x_wconf 87' lang='lat' dir='ltr'>gaudebant,</span> <span class='ocrx_word' id='word_1_114' title='bbox 374 1205 433 1253; x_wconf 86' lang='lat' dir='ltr'>cf.</span> <span class='ocrx_word' id='word_1_115' title='bbox 449 1204 567 1252; x_wconf 90' lang='lat' dir='ltr'>Ath.</span> <span class='ocrx_word' id='word_1_116' title='bbox 585 1205 710 1253; x_wconf 88' lang='lat' dir='ltr'>XIII</span> <span class='ocrx_word' id='word_1_117' title='bbox 729 1207 833 1255; x_wconf 87' lang='lat'>586</span> <span class='ocrx_word' id='word_1_118' title='bbox 845 1207 895 1255; x_wconf 88' lang='lat' dir='ltr'>b:</span> <span class='ocrx_word' id='word_1_119' title='bbox 921 1203 1169 1269; x_wconf 78' lang='grc' dir='ltr'><em>ἑταιρῶν</em></span> <span class='ocrx_word' id='word_1_120' title='bbox 1187 1202 1443 1268; x_wconf 77' lang='grc' dir='ltr'><strong><em>ἐπωνυμία</em></strong></span> <span class='ocrx_word' id='word_1_121' title='bbox 1460 1203 1516 1253; x_wconf 81' lang='grc' dir='ltr'>αἱ</span> <span class='ocrx_word' id='word_1_122' title='bbox 1527 1201 1720 1267; x_wconf 80' lang='grc' dir='ltr'><em>ἀφύαι</em></span> <span class='ocrx_word' id='word_1_123' title='bbox 1731 1240 1747 1268; x_wconf 84' lang='grc'>,</span> 
     </span>
     <span class='ocr_line' id='line_1_15' title="bbox 49 1278 1747 1355; baseline 0.001 -21"><span class='ocrx_word' id='word_1_124' title='bbox 49 1283 163 1349; x_wconf 84' lang='grc' dir='ltr'><em>περὶ</em></span> <span class='ocrx_word' id='word_1_125' title='bbox 186 1278 256 1333; x_wconf 78' lang='grc' dir='ltr'>ὧν</span> <span class='ocrx_word' id='word_1_126' title='bbox 274 1280 641 1349; x_wconf 83' lang='grc' dir='ltr'><em>Ἀπολλόδωρός</em></span> <span class='ocrx_word' id='word_1_127' title='bbox 665 1299 789 1349; x_wconf 90' lang='grc' dir='ltr'><em>φησι</em></span> <span class='ocrx_word' id='word_1_128' title='bbox 814 1280 892 1353; x_wconf 81' lang='grc' dir='ltr'>(ἐν</span> <span class='ocrx_word' id='word_1_129' title='bbox 915 1288 981 1355; x_wconf 78' lang='grc' dir='ltr'><em>τῷ</em></span> <span class='ocrx_word' id='word_1_130' title='bbox 1004 1283 1114 1349; x_wconf 86' lang='grc' dir='ltr'><em>περὶ</em></span> <span class='ocrx_word' id='word_1_131' title='bbox 1138 1292 1236 1334; x_wconf 86' lang='grc' dir='ltr'><em>τῶν</em></span> <span class='ocrx_word' id='word_1_132' title='bbox 1268 1280 1544 1349; x_wconf 80' lang='grc' dir='ltr'><em>Ἀθήνησιν</em></span> <span class='ocrx_word' id='word_1_133' title='bbox 1571 1283 1747 1350; x_wconf 79' lang='grc' dir='ltr'><em>ἑταιρί-</em></span> 
     </span>
     <span class='ocr_line' id='line_1_16' title="bbox 56 1359 1748 1433; baseline 0.001 -18"><span class='ocrx_word' id='word_1_134' title='bbox 56 1359 183 1433; x_wconf 82' lang='grc' dir='ltr'><em>δων)</em></span> <span class='ocrx_word' id='word_1_135' title='bbox 211 1362 505 1431; x_wconf 57' lang='grc' dir='ltr'>εΣταγόνιον</span> <span class='ocrx_word' id='word_1_136' title='bbox 521 1363 604 1414; x_wconf 81' lang='grc' dir='ltr'>καὶ</span> <span class='ocrx_word' id='word_1_137' title='bbox 621 1362 802 1426; x_wconf 74' lang='grc' dir='ltr'><em>’Ἀνθις</em></span> <span class='ocrx_word' id='word_1_138' title='bbox 819 1365 1045 1429; x_wconf 80' lang='grc' dir='ltr'><em>ἀδελφαί.</em></span> <span class='ocrx_word' id='word_1_139' title='bbox 1083 1359 1228 1415; x_wconf 83' lang='grc' dir='ltr'><em>αὗται</em></span> <span class='ocrx_word' id='word_1_140' title='bbox 1251 1364 1441 1429; x_wconf 79' lang='grc' dir='ltr'><em>ἀφύαι</em></span> <span class='ocrx_word' id='word_1_141' title='bbox 1465 1364 1748 1431; x_wconf 78' lang='grc' dir='ltr'><em>ἐκαλοῦντο,</em></span> 
     </span>
     <span class='ocr_line' id='line_1_17' title="bbox 53 1441 1748 1513; baseline 0.001 -17"><span class='ocrx_word' id='word_1_142' title='bbox 53 1445 127 1496; x_wconf 71' lang='grc' dir='ltr'>ὅτι</span> <span class='ocrx_word' id='word_1_143' title='bbox 171 1445 255 1495; x_wconf 85' lang='grc' dir='ltr'>καὶ</span> <span class='ocrx_word' id='word_1_144' title='bbox 301 1444 470 1496; x_wconf 84' lang='grc' dir='ltr'><em>λευκαὶ</em></span> <span class='ocrx_word' id='word_1_145' title='bbox 507 1444 591 1495; x_wconf 84' lang='grc' dir='ltr'>καὶ</span> <span class='ocrx_word' id='word_1_146' title='bbox 627 1445 794 1496; x_wconf 84' lang='grc' dir='ltr'><em>λεπταὶ</em></span> <span class='ocrx_word' id='word_1_147' title='bbox 833 1441 978 1496; x_wconf 75' lang='grc' dir='ltr'><em>οὖσαι</em></span> <span class='ocrx_word' id='word_1_148' title='bbox 1015 1446 1131 1506; x_wconf 84' lang='grc' dir='ltr'><em>τοὺς</em></span> <span class='ocrx_word' id='word_1_149' title='bbox 1170 1444 1467 1510; x_wconf 78' lang='grc' dir='ltr'><em>ὀφθαλμοὺς</em></span> <span class='ocrx_word' id='word_1_150' title='bbox 1505 1448 1748 1513; x_wconf 81' lang='grc' dir='ltr'><em>μεγάλους</em></span> 
     </span>
     <span class='ocr_line' id='line_1_18' title="bbox 54 1521 1748 1598; baseline 0.001 -22"><span class='ocrx_word' id='word_1_151' title='bbox 54 1521 222 1591; x_wconf 80' lang='grc' dir='ltr'><em>εἶχον’.</em></span> <span class='ocrx_word' id='word_1_152' title='bbox 269 1522 568 1590; x_wconf 78' lang='grc' dir='ltr'><em>Ἀντιφάνης</em></span> <span class='ocrx_word' id='word_1_153' title='bbox 592 1522 638 1576; x_wconf 85' lang='grc' dir='ltr'>δ’</span> <span class='ocrx_word' id='word_1_154' title='bbox 667 1525 720 1576; x_wconf 76' lang='grc' dir='ltr'>ἐν</span> <span class='ocrx_word' id='word_1_155' title='bbox 745 1530 810 1598; x_wconf 79' lang='grc' dir='ltr'><em>τῷ</em></span> <span class='ocrx_word' id='word_1_156' title='bbox 834 1526 945 1592; x_wconf 85' lang='grc' dir='ltr'><em>περὶ</em></span> <span class='ocrx_word' id='word_1_157' title='bbox 968 1526 1173 1592; x_wconf 78' lang='grc' dir='ltr'><em>ἑταιρῶν</em></span> <span class='ocrx_word' id='word_1_158' title='bbox 1196 1528 1559 1593; x_wconf 78' lang='grc' dir='ltr'><em>Νικοστρατίδα</em></span> <span class='ocrx_word' id='word_1_159' title='bbox 1592 1527 1748 1593; x_wconf 83' lang='grc' dir='ltr'><em>φησὶν</em></span> 
     </span>
     <span class='ocr_line' id='line_1_19' title="bbox 0 1606 1744 1673; baseline 0.001 -16"><span class='ocrx_word' id='word_1_160' title='bbox 0 1623 3 1650; x_wconf 68' lang='grc' dir='ltr'><em>ῑ</em></span> <span class='ocrx_word' id='word_1_161' title='bbox 51 1606 257 1671; x_wconf 80' lang='grc' dir='ltr'><em>ἀφύην</em></span> <span class='ocrx_word' id='word_1_162' title='bbox 294 1610 545 1671; x_wconf 81' lang='grc' dir='ltr'><em>κληθῆναι</em></span> <span class='ocrx_word' id='word_1_163' title='bbox 584 1607 667 1657; x_wconf 80' lang='grc' dir='ltr'><em>διὰ</em></span> <span class='ocrx_word' id='word_1_164' title='bbox 713 1606 804 1671; x_wconf 80' lang='grc' dir='ltr'><em>τὴν</em></span> <span class='ocrx_word' id='word_1_165' title='bbox 851 1607 1009 1673; x_wconf 76' lang='grc' dir='ltr'><em>αὐτὴν</em></span> <span class='ocrx_word' id='word_1_166' title='bbox 1055 1608 1230 1658; x_wconf 86' lang='grc' dir='ltr'><em>αἰτίαν.</em></span> <span class='ocrx_word' id='word_1_167' title='bbox 1316 1608 1390 1658; x_wconf 85' lang='lat' dir='ltr'>Cf.</span> <span class='ocrx_word' id='word_1_168' title='bbox 1441 1609 1597 1660; x_wconf 87' lang='lat' dir='ltr'>Bekk.</span> <span class='ocrx_word' id='word_1_169' title='bbox 1650 1610 1744 1659; x_wconf 89' lang='lat' dir='ltr'>An.</span> 
     </span>
     <span class='ocr_line' id='line_1_20' title="bbox 0 1685 1745 1754; baseline 0 -14"><span class='ocrx_word' id='word_1_170' title='bbox 0 1726 3 1730; x_wconf 64' lang='grc'><em>»</em></span> <span class='ocrx_word' id='word_1_171' title='bbox 50 1707 98 1754; x_wconf 89' lang='lat' dir='ltr'>p.</span> <span class='ocrx_word' id='word_1_172' title='bbox 133 1692 255 1753; x_wconf 85' lang='lat'>203,</span> <span class='ocrx_word' id='word_1_173' title='bbox 290 1691 356 1738; x_wconf 88' lang='lat'>15</span> <span class='ocrx_word' id='word_1_174' title='bbox 391 1693 443 1738; x_wconf 87' lang='lat' dir='ltr'>et</span> <span class='ocrx_word' id='word_1_175' title='bbox 474 1690 650 1739; x_wconf 86' lang='lat' dir='ltr'>Suidas</span> <span class='ocrx_word' id='word_1_176' title='bbox 683 1707 721 1739; x_wconf 77' lang='lat' dir='ltr'>s,</span> <span class='ocrx_word' id='word_1_177' title='bbox 751 1707 798 1740; x_wconf 88' lang='lat' dir='ltr'>v.</span> <span class='ocrx_word' id='word_1_178' title='bbox 822 1685 1031 1754; x_wconf 80' lang='grc' dir='ltr'><em>Ἀφύας.</em></span> <span class='ocrx_word' id='word_1_179' title='bbox 1085 1691 1265 1753; x_wconf 88' lang='lat' dir='ltr'>Itaque</span> <span class='ocrx_word' id='word_1_180' title='bbox 1296 1690 1468 1752; x_wconf 88' lang='lat' dir='ltr'>magni</span> <span class='ocrx_word' id='word_1_181' title='bbox 1500 1707 1745 1752; x_wconf 85' lang='lat' dir='ltr'>apuarum</span> 
     </span>
     <span class='ocr_line' id='line_1_21' title="bbox 52 1771 1744 1835; baseline 0.001 -15"><span class='ocrx_word' id='word_1_182' title='bbox 52 1771 184 1820; x_wconf 62' lang='lat' dir='ltr'>ocu-li</span> <span class='ocrx_word' id='word_1_183' title='bbox 221 1771 475 1820; x_wconf 87' lang='lat' dir='ltr'>veteribus</span> <span class='ocrx_word' id='word_1_184' title='bbox 521 1772 736 1821; x_wconf 84' lang='lat' dir='ltr'>maxime</span> <span class='ocrx_word' id='word_1_185' title='bbox 766 1773 1020 1835; x_wconf 90' lang='lat' dir='ltr'>conspicui</span> <span class='ocrx_word' id='word_1_186' title='bbox 1059 1774 1202 1821; x_wconf 89' lang='lat' dir='ltr'>erant</span> <span class='ocrx_word' id='word_1_187' title='bbox 1237 1772 1476 1820; x_wconf 89' lang='lat' dir='ltr'>nimirum</span> <span class='ocrx_word' id='word_1_188' title='bbox 1514 1772 1744 1822; x_wconf 84' lang='lat' dir='ltr'>vivarum</span> 
     </span>
     <span class='ocr_line' id='line_1_22' title="bbox 51 1852 1745 1916; baseline 0.001 -15"><span class='ocrx_word' id='word_1_189' title='bbox 51 1855 203 1916; x_wconf 79' lang='lat' dir='ltr'>atque</span> <span class='ocrx_word' id='word_1_190' title='bbox 240 1852 542 1916; x_wconf 87' lang='lat' dir='ltr'>recentium,</span> <span class='ocrx_word' id='word_1_191' title='bbox 581 1853 670 1901; x_wconf 89' lang='lat' dir='ltr'>sed</span> <span class='ocrx_word' id='word_1_192' title='bbox 706 1856 767 1901; x_wconf 90' lang='lat' dir='ltr'>ut</span> <span class='ocrx_word' id='word_1_193' title='bbox 798 1855 892 1902; x_wconf 89' lang='lat' dir='ltr'>scis</span> <span class='ocrx_word' id='word_1_194' title='bbox 923 1854 1138 1916; x_wconf 89' lang='lat' dir='ltr'>piscium</span> <span class='ocrx_word' id='word_1_195' title='bbox 1168 1868 1397 1901; x_wconf 89' lang='lat' dir='ltr'>assorum</span> <span class='ocrx_word' id='word_1_196' title='bbox 1428 1855 1745 1903; x_wconf 88' lang='lat' dir='ltr'>coctorumve</span> 
     </span>
     <span class='ocr_line' id='line_1_23' title="bbox 0 1932 1742 1998; baseline 0.001 -16"><span class='ocrx_word' id='word_1_197' title='bbox 0 1968 3 1995; x_wconf 39' lang='lat'>1,</span> <span class='ocrx_word' id='word_1_198' title='bbox 52 1932 182 1982; x_wconf 88' lang='lat' dir='ltr'>oculi</span> <span class='ocrx_word' id='word_1_199' title='bbox 219 1933 407 1981; x_wconf 89' lang='lat' dir='ltr'>lumine</span> <span class='ocrx_word' id='word_1_200' title='bbox 446 1947 503 1982; x_wconf 90' lang='lat' dir='ltr'>ac</span> <span class='ocrx_word' id='word_1_201' title='bbox 540 1933 704 1982; x_wconf 88' lang='lat' dir='ltr'>nitore</span> <span class='ocrx_word' id='word_1_202' title='bbox 743 1935 924 1983; x_wconf 87' lang='lat' dir='ltr'>amisso</span> <span class='ocrx_word' id='word_1_203' title='bbox 965 1935 1264 1984; x_wconf 88' lang='lat' dir='ltr'>flaccescunt</span> <span class='ocrx_word' id='word_1_204' title='bbox 1302 1937 1360 1982; x_wconf 93' lang='lat' dir='ltr'>ut</span> <span class='ocrx_word' id='word_1_205' title='bbox 1398 1935 1556 1983; x_wconf 83' lang='lat' dir='ltr'>velati</span> <span class='ocrx_word' id='word_1_206' title='bbox 1588 1935 1742 1998; x_wconf 87' lang='lat' dir='ltr'>quod-</span> 
     </span>
     <span class='ocr_line' id='line_1_24' title="bbox 0 2011 1747 2078; baseline 0.001 -16"><span class='ocrx_word' id='word_1_207' title='bbox 0 2011 3 2075; x_wconf 66' lang='grc' dir='ltr'>ζ</span> <span class='ocrx_word' id='word_1_208' title='bbox 50 2013 312 2063; x_wconf 85' lang='lat' dir='ltr'>dammodo</span> <span class='ocrx_word' id='word_1_209' title='bbox 363 2014 632 2063; x_wconf 85' lang='lat' dir='ltr'>videantur</span> <span class='ocrx_word' id='word_1_210' title='bbox 684 2030 815 2064; x_wconf 90' lang='lat' dir='ltr'>esse:</span> <span class='ocrx_word' id='word_1_211' title='bbox 869 2017 968 2066; x_wconf 87' lang='lat' dir='ltr'>huc</span> <span class='ocrx_word' id='word_1_212' title='bbox 1022 2018 1248 2078; x_wconf 84' lang='lat' dir='ltr'>spectare</span> <span class='ocrx_word' id='word_1_213' title='bbox 1300 2015 1536 2066; x_wconf 85' lang='lat' dir='ltr'>videntur</span> <span class='ocrx_word' id='word_1_214' title='bbox 1589 2015 1747 2066; x_wconf 84' lang='lat' dir='ltr'>verba</span> 
     </span>
     <span class='ocr_line' id='line_1_25' title="bbox 0 2084 1742 2163; baseline 0.001 -20"><span class='ocrx_word' id='word_1_215' title='bbox 0 2085 97 2163; x_wconf 33' lang='lat' dir='ltr'>jv.</span> <span class='ocrx_word' id='word_1_216' title='bbox 138 2096 207 2144; x_wconf 88' lang='grc'>23</span> <span class='ocrx_word' id='word_1_217' title='bbox 256 2091 454 2158; x_wconf 74' lang='grc' dir='ltr'><em>ῥυπαρὰ</em></span> <span class='ocrx_word' id='word_1_218' title='bbox 496 2092 772 2158; x_wconf 82' lang='grc' dir='ltr'><em>κρήδεμνα;</em></span> <span class='ocrx_word' id='word_1_219' title='bbox 820 2111 946 2158; x_wconf 82' lang='lat' dir='ltr'>quae</span> <span class='ocrx_word' id='word_1_220' title='bbox 985 2096 1249 2158; x_wconf 86' lang='lat' dir='ltr'>quominus</span> <span class='ocrx_word' id='word_1_221' title='bbox 1289 2096 1353 2144; x_wconf 86' lang='lat' dir='ltr'>ad</span> <span class='ocrx_word' id='word_1_222' title='bbox 1389 2097 1594 2147; x_wconf 80' lang='lat' dir='ltr'>nimiam</span> <span class='ocrx_word' id='word_1_223' title='bbox 1631 2084 1742 2158; x_wconf 78' lang='lat' dir='ltr'>pin-</span> 
     </span>
     <span class='ocr_line' id='line_1_26' title="bbox 0 2168 1742 2239; baseline 0.001 -16"><span class='ocrx_word' id='word_1_224' title='bbox 0 2168 8 2239; x_wconf 58' lang='grc' dir='ltr'>’ῑ</span> <span class='ocrx_word' id='word_1_225' title='bbox 49 2175 318 2238; x_wconf 83' lang='lat' dir='ltr'>guedinem</span> <span class='ocrx_word' id='word_1_226' title='bbox 369 2175 654 2223; x_wconf 86' lang='lat' dir='ltr'>referantur</span> <span class='ocrx_word' id='word_1_227' title='bbox 705 2191 806 2238; x_wconf 85' lang='lat' dir='ltr'>qua.</span> <span class='ocrx_word' id='word_1_228' title='bbox 864 2178 1044 2224; x_wconf 85' lang='lat' dir='ltr'>unctae</span> <span class='ocrx_word' id='word_1_229' title='bbox 1105 2177 1288 2238; x_wconf 86' lang='lat' dir='ltr'>apponi</span> <span class='ocrx_word' id='word_1_230' title='bbox 1340 2177 1526 2225; x_wconf 91' lang='lat' dir='ltr'>mensis</span> <span class='ocrx_word' id='word_1_231' title='bbox 1580 2191 1742 2239; x_wconf 84' lang='lat' dir='ltr'>apuae</span> 
     </span>
     <span class='ocr_line' id='line_1_27' title="bbox 0 2245 1746 2347; baseline 0.001 -43"><span class='ocrx_word' id='word_1_232' title='bbox 0 2245 8 2347; x_wconf 52' lang='grc' dir='ltr'>ι</span> <span class='ocrx_word' id='word_1_233' title='bbox 52 2256 306 2315; x_wconf 88' lang='lat' dir='ltr'>solebant,</span> <span class='ocrx_word' id='word_1_234' title='bbox 353 2256 522 2304; x_wconf 89' lang='lat' dir='ltr'>obstat</span> <span class='ocrx_word' id='word_1_235' title='bbox 565 2256 609 2304; x_wconf 87' lang='lat' dir='ltr'>is</span> <span class='ocrx_word' id='word_1_236' title='bbox 655 2256 763 2318; x_wconf 84' lang='lat' dir='ltr'>ipse</span> <span class='ocrx_word' id='word_1_237' title='bbox 807 2256 948 2305; x_wconf 88' lang='lat' dir='ltr'>locus</span> <span class='ocrx_word' id='word_1_238' title='bbox 995 2256 1347 2318; x_wconf 86' lang='lat' dir='ltr'>Aristophanis</span> <span class='ocrx_word' id='word_1_239' title='bbox 1393 2273 1469 2319; x_wconf 88' lang='lat' dir='ltr'>ap.</span> <span class='ocrx_word' id='word_1_240' title='bbox 1510 2256 1630 2306; x_wconf 89' lang='lat' dir='ltr'>Ath.</span> <span class='ocrx_word' id='word_1_241' title='bbox 1665 2257 1746 2306; x_wconf 93' lang='grc' dir='ltr'>ΙΠ</span> 
     </span>
     <span class='ocr_line' id='line_1_28' title="bbox 0 2330 1741 2427; baseline -0.001 -40"><span class='ocrx_word' id='word_1_242' title='bbox 0 2349 13 2427; x_wconf 40' lang='lat' dir='ltr'>&#39;f</span> <span class='ocrx_word' id='word_1_243' title='bbox 55 2339 170 2387; x_wconf 83' lang='lat'>960</span> <span class='ocrx_word' id='word_1_244' title='bbox 208 2330 259 2403; x_wconf 87' lang='grc' dir='ltr'>(Ι</span> <span class='ocrx_word' id='word_1_245' title='bbox 298 2338 403 2386; x_wconf 84' lang='grc'>522</span> <span class='ocrx_word' id='word_1_246' title='bbox 445 2330 633 2402; x_wconf 85' lang='lat' dir='ltr'>Kock),</span> <span class='ocrx_word' id='word_1_247' title='bbox 673 2337 737 2385; x_wconf 86' lang='lat' dir='ltr'>ad</span> <span class='ocrx_word' id='word_1_248' title='bbox 767 2353 915 2400; x_wconf 88' lang='lat' dir='ltr'>quem</span> <span class='ocrx_word' id='word_1_249' title='bbox 946 2341 1239 2399; x_wconf 84' lang='lat' dir='ltr'>provocant:</span> <span class='ocrx_word' id='word_1_250' title='bbox 1286 2337 1394 2396; x_wconf 78' lang='grc' dir='ltr'><em>ἅλις</em></span> <span class='ocrx_word' id='word_1_251' title='bbox 1424 2335 1594 2401; x_wconf 83' lang='grc' dir='ltr'><em>ἀφύης</em></span> <span class='ocrx_word' id='word_1_252' title='bbox 1631 2350 1741 2401; x_wconf 88' lang='grc' dir='ltr'><em>μοι·</em></span> 
     </span>
     <span class='ocr_line' id='line_1_29' title="bbox 51 2414 1745 2483; baseline 0.001 -17"><span class='ocrx_word' id='word_1_253' title='bbox 51 2414 384 2483; x_wconf 81' lang='grc' dir='ltr'><em>παρατέταμαι</em></span> <span class='ocrx_word' id='word_1_254' title='bbox 413 2415 507 2483; x_wconf 77' lang='grc' dir='ltr'>γὰρ</span> <span class='ocrx_word' id='word_1_255' title='bbox 537 2415 596 2466; x_wconf 85' lang='grc' dir='ltr'><em>τὰ</em></span> <span class='ocrx_word' id='word_1_256' title='bbox 625 2416 843 2482; x_wconf 80' lang='grc' dir='ltr'><em>λιπαρὰ</em></span> <span class='ocrx_word' id='word_1_257' title='bbox 874 2417 1074 2467; x_wconf 78' lang='grc' dir='ltr'><em>κάπτων</em></span> <span class='ocrx_word' id='word_1_258' title='bbox 1107 2419 1388 2478; x_wconf 89' lang='lat' dir='ltr'>[Dobraeus</span> <span class='ocrx_word' id='word_1_259' title='bbox 1419 2419 1548 2468; x_wconf 88' lang='lat' dir='ltr'>illud</span> <span class='ocrx_word' id='word_1_260' title='bbox 1579 2419 1745 2482; x_wconf 89' lang='lat' dir='ltr'>ipsum</span> 
     </span>
     <span class='ocr_line' id='line_1_30' title="bbox 53 2497 1746 2562; baseline 0.002 -16"><span class='ocrx_word' id='word_1_261' title='bbox 53 2497 235 2562; x_wconf 77' lang='grc' dir='ltr'><em>λιπαρά</em></span> <span class='ocrx_word' id='word_1_262' title='bbox 271 2499 492 2547; x_wconf 89' lang='lat' dir='ltr'>Matroni</span> <span class='ocrx_word' id='word_1_263' title='bbox 529 2499 896 2547; x_wconf 87' lang='lat' dir='ltr'>restituendum</span> <span class='ocrx_word' id='word_1_264' title='bbox 934 2514 1042 2548; x_wconf 87' lang='lat' dir='ltr'>esse</span> <span class='ocrx_word' id='word_1_265' title='bbox 1081 2497 1318 2562; x_wconf 67' lang='lat' dir='ltr'>putavit}</span> <span class='ocrx_word' id='word_1_266' title='bbox 1396 2499 1478 2548; x_wconf 85' lang='lat' dir='ltr'>Ad</span> <span class='ocrx_word' id='word_1_267' title='bbox 1518 2502 1746 2549; x_wconf 85' lang='lat' dir='ltr'>nostram</span> 
     </span>
     <span class='ocr_line' id='line_1_31' title="bbox 7 2578 1746 2643; baseline 0.001 -15"><span class='ocrx_word' id='word_1_268' title='bbox 7 2583 9 2585; x_wconf 80' lang='grc'><strong>’</strong></span> <span class='ocrx_word' id='word_1_269' title='bbox 54 2582 224 2629; x_wconf 80' lang='lat' dir='ltr'>autem</span> <span class='ocrx_word' id='word_1_270' title='bbox 277 2580 579 2629; x_wconf 84' lang='lat' dir='ltr'>sententiam</span> <span class='ocrx_word' id='word_1_271' title='bbox 633 2578 1020 2628; x_wconf 81' lang='lat' dir='ltr'>confirmandam</span> <span class='ocrx_word' id='word_1_272' title='bbox 1065 2581 1204 2630; x_wconf 84' lang='lat' dir='ltr'>valet</span> <span class='ocrx_word' id='word_1_273' title='bbox 1248 2580 1438 2630; x_wconf 86' lang='lat' dir='ltr'>Hicesii</span> <span class='ocrx_word' id='word_1_274' title='bbox 1482 2581 1621 2629; x_wconf 90' lang='lat' dir='ltr'>locus</span> <span class='ocrx_word' id='word_1_275' title='bbox 1668 2597 1746 2643; x_wconf 87' lang='lat' dir='ltr'>ap.</span> 
     </span>
     <span class='ocr_line' id='line_1_32' title="bbox 27 2656 1744 2725; baseline 0.003 -20"><span class='ocrx_word' id='word_1_276' title='bbox 27 2658 175 2710; x_wconf 62' lang='lat' dir='ltr'>§Ath.</span> <span class='ocrx_word' id='word_1_277' title='bbox 213 2660 314 2709; x_wconf 88' lang='lat' dir='ltr'>VII</span> <span class='ocrx_word' id='word_1_278' title='bbox 354 2661 523 2711; x_wconf 82' lang='lat' dir='ltr'>285b:</span> <span class='ocrx_word' id='word_1_279' title='bbox 578 2667 664 2725; x_wconf 82' lang='grc' dir='ltr'><em>τῆς</em></span> <span class='ocrx_word' id='word_1_280' title='bbox 711 2657 880 2723; x_wconf 84' lang='grc' dir='ltr'><em>ἀφύης</em></span> <span class='ocrx_word' id='word_1_281' title='bbox 923 2656 957 2724; x_wconf 79' lang='grc' dir='ltr'><em>ἡ</em></span> <span class='ocrx_word' id='word_1_282' title='bbox 998 2657 1087 2724; x_wconf 82' lang='grc' dir='ltr'>μὲν</span> <span class='ocrx_word' id='word_1_283' title='bbox 1125 2658 1274 2724; x_wconf 79' lang='grc' dir='ltr'><em>λευκὴ</em></span> <span class='ocrx_word' id='word_1_284' title='bbox 1314 2658 1399 2710; x_wconf 83' lang='grc' dir='ltr'>καὶ</span> <span class='ocrx_word' id='word_1_285' title='bbox 1442 2659 1553 2710; x_wconf 80' lang='grc' dir='ltr'><em>λίαν</em></span> <span class='ocrx_word' id='word_1_286' title='bbox 1596 2657 1744 2723; x_wconf 82' lang='grc' dir='ltr'><em>λεπτὴ</em></span> 
     </span>
     <span class='ocr_line' id='line_1_33' title="bbox 53 2737 1743 2806; baseline 0.001 -17"><span class='ocrx_word' id='word_1_287' title='bbox 53 2737 138 2789; x_wconf 79' lang='grc' dir='ltr'>καὶ</span> <span class='ocrx_word' id='word_1_288' title='bbox 175 2738 416 2806; x_wconf 80' lang='grc' dir='ltr'><em>ἀφρώδης</em></span> <span class='ocrx_word' id='word_1_289' title='bbox 440 2781 452 2793; x_wconf 95' lang='grc'><strong><em>.</em></strong></span> <span class='ocrx_word' id='word_1_290' title='bbox 478 2777 514 2806; x_wconf 83' lang='lat'>.‚</span> <span class='ocrx_word' id='word_1_291' title='bbox 560 2738 594 2804; x_wconf 78' lang='grc' dir='ltr'><em>ἡ</em></span> <span class='ocrx_word' id='word_1_292' title='bbox 635 2738 689 2790; x_wconf 82' lang='grc' dir='ltr'>δὲ</span> <span class='ocrx_word' id='word_1_293' title='bbox 727 2738 1115 2806; x_wconf 78' lang='grc' dir='ltr'><em>ῥυπαρωτέρα</em></span> <span class='ocrx_word' id='word_1_294' title='bbox 1153 2740 1333 2804; x_wconf 84' lang='grc' dir='ltr'><em>ταύτης</em></span> <span class='ocrx_word' id='word_1_295' title='bbox 1370 2738 1453 2790; x_wconf 78' lang='grc' dir='ltr'>καὶ</span> <span class='ocrx_word' id='word_1_296' title='bbox 1491 2738 1743 2806; x_wconf 81' lang='grc' dir='ltr'><em>ἁδροτέρα.</em></span> 
     </span>
     <span class='ocr_line' id='line_1_34' title="bbox 19 2813 1743 2884; baseline 0.001 -15"><span class='ocrx_word' id='word_1_297' title='bbox 19 2813 123 2877; x_wconf 58' lang='grc' dir='ltr'>ΔῪ.</span> <span class='ocrx_word' id='word_1_298' title='bbox 172 2815 269 2872; x_wconf 78' lang='lat'>24.</span> <span class='ocrx_word' id='word_1_299' title='bbox 348 2820 700 2871; x_wconf 72' lang='lat' dir='ltr'>conclamatus</span> <span class='ocrx_word' id='word_1_300' title='bbox 763 2825 845 2871; x_wconf 86' lang='lat' dir='ltr'>est</span> <span class='ocrx_word' id='word_1_301' title='bbox 896 2822 977 2870; x_wconf 86' lang='lat' dir='ltr'>hic</span> <span class='ocrx_word' id='word_1_302' title='bbox 1027 2836 1226 2884; x_wconf 75' lang='lat' dir='ltr'>versuS,</span> <span class='ocrx_word' id='word_1_303' title='bbox 1283 2837 1433 2884; x_wconf 88' lang='lat' dir='ltr'>quem</span> <span class='ocrx_word' id='word_1_304' title='bbox 1484 2822 1743 2872; x_wconf 86' lang='lat' dir='ltr'>Kaibelius</span> 
     </span>
     <span class='ocr_line' id='line_1_35' title="bbox 31 2902 1744 2967; baseline 0.001 -16"><span class='ocrx_word' id='word_1_305' title='bbox 31 2915 248 2965; x_wconf 49' lang='lat' dir='ltr'>&gt;quoque</span> <span class='ocrx_word' id='word_1_306' title='bbox 286 2904 442 2966; x_wconf 84' lang='lat' dir='ltr'>negat</span> <span class='ocrx_word' id='word_1_307' title='bbox 480 2905 571 2952; x_wconf 85' lang='lat' dir='ltr'>aut</span> <span class='ocrx_word' id='word_1_308' title='bbox 609 2918 698 2952; x_wconf 89' lang='lat' dir='ltr'>suo</span> <span class='ocrx_word' id='word_1_309' title='bbox 743 2903 853 2952; x_wconf 85' lang='lat' dir='ltr'>loco</span> <span class='ocrx_word' id='word_1_310' title='bbox 894 2906 983 2952; x_wconf 85' lang='lat' dir='ltr'>aut</span> <span class='ocrx_word' id='word_1_311' title='bbox 1021 2902 1127 2952; x_wconf 87' lang='lat' dir='ltr'>sine</span> <span class='ocrx_word' id='word_1_312' title='bbox 1165 2902 1290 2954; x_wconf 84' lang='lat' dir='ltr'>vitio</span> <span class='ocrx_word' id='word_1_313' title='bbox 1328 2903 1574 2952; x_wconf 87' lang='lat' dir='ltr'>traditum</span> <span class='ocrx_word' id='word_1_314' title='bbox 1613 2918 1744 2967; x_wconf 85' lang='lat' dir='ltr'>esse;</span> 
     </span>
    </p>
   </div>
   <div class='ocr_carea' id='block_1_3' title="bbox 0 2429 10 2580">
    <p class='ocr_par' dir='ltr' id='par_1_3' title="bbox 0 2429 10 2580">
     <span class='ocr_line' id='line_1_36' title="bbox 0 2429 10 2580; baseline 0 560"><span class='ocrx_word' id='word_1_315' title='bbox 0 2429 10 2580; x_wconf 95' lang='lat' dir='ltr'> </span> 
     </span>
    </p>
   </div>
   <div class='ocr_carea' id='block_1_4' title="bbox 0 2581 57 3140">
    <p class='ocr_par' dir='ltr' id='par_1_4' title="bbox 0 2581 57 3140">
     <span class='ocr_line' id='line_1_37' title="bbox 0 2581 57 3140; baseline 0 -362"><span class='ocrx_word' id='word_1_316' title='bbox 0 2581 57 3140; x_wconf 95' lang='lat' dir='ltr'>    </span> 
     </span>
    </p>
   </div>
  </div>
 </body>
</html>
