2038 3140
848 96 1242 147 *222—

214 240 433 282 sponsum
458 229 530 270 est
554 224 817 281 nuperrime
845 224 903 267 ab
923 223 1092 267 Ottone
1111 223 1298 278 Kermo,
1325 225 1392 267 De
1411 223 1583 280 Orphei
1599 224 1887 280 Epimenidis

207 293 490 348 Pherecydis
521 290 786 347 theogoniis
819 305 862 346 p.
897 293 966 333 81.

325 383 369 422 p.
398 373 447 410 61
484 381 526 410 v.
553 371 608 410 20
640 368 749 422 post
783 361 1103 408 ‘Havniensis'
1141 362 1259 405 adde
1295 363 1360 406 (δ’
1389 363 1584 423 σιλλάβῳ
1617 368 1668 423 (ῳ
1699 364 1749 407 in
1779 367 1887 420 rae.)

210 433 308 475 cod.
328 431 708 475 Vindobonensis
732 447 776 476 n.
796 435 897 483 294,
923 429 1075 484 quode
1099 429 1285 471 rettulit
1300 428 1595 474 Ludwichius
1612 431 1889 476 Aristarch's

206 500 317 542 hom.
357 499 608 543 Textkritik
638 497 681 540 II
711 513 755 554 p.
792 497 920 541 685².

323 587 368 628 p.
404 578 457 616 61
492 572 597 616 adn.
635 577 658 615 1
698 586 740 616 v.
775 575 801 613 5
844 570 984 614 adde:
1033 569 1276 613 ‘ultimum
1317 583 1425 613 sane
1464 570 1618 614 locum
1663 572 1789 614 recte
1830 572 1888 614 ad

205 637 509 694 Xenophanis
545 637 675 681 sillos
707 637 907 680 relatum
940 649 1040 680 esse
1066 635 1302 680 consensit
1324 636 1632 692 Dfimmlerus‚
1666 637 1747 692 qui
1770 637 1887 679 MuS.

206 704 352 748 Rhen.
383 704 506 747 XLII
538 720 582 760 p.
612 708 695 747 140
733 717 905 746 novum
945 702 1182 745 adiciebat
1211 701 1526 758 fragmentum
1559 716 1614 746 ex
1645 702 1887 747 Athenaeo

207 769 272 814 1V
301 785 346 826 p.
382 770 499 814 174f
524 769 740 826 petitum,
774 769 855 812 ubi
888 766 1169 824 Ξενοφάνης
1199 780 1283 824 pro
1315 767 1543 825 Ξενοφῶν
1577 768 1800 824 scripsit’.

321 857 364 898 p.
400 848 454 886 62
489 843 595 887 adn.
629 848 654 886 3
693 843 803 898 post
850 841 933 883 ‘III
965 842 1117 898 (1846)
1150 855 1194 896 p.
1230 842 1339 884 117'
1377 841 1496 885 adde
1540 842 1614 879 ‘=
1639 843 1695 886 kl.
1722 843 1891 899 philol.

205 908 327 954 Schr.
361 910 405 952 Π
434 924 479 965 p.
512 912 634 954 549³.

323 998 369 1039 p.
405 988 460 1026 63
494 983 551 1026 de
585 982 819 1039 Margitae
858 983 1010 1025 metro
1049 991 1198 1036 nuper
1238 981 1336 1036 egit
1367 982 1543 1026 Usener
1573 980 1726 1025 libelli
1755 995 1887 1038 prae-

205 1049 320 1092 clari
359 1048 434 1092 cui
473 1048 715 1105 inscripsit
745 1049 1125 1106 Altyriechischer
1163 1048 1363 1092 Verebau
1402 1062 1446 1103 p.
1483 1053 1564 1092 113
1603 1047 1675 1091 his
1705 1047 1884 1091 verbis:

207 1115 340 1159 ‘Hier
370 1129 468 1158 war
499 1115 574 1158 die
604 1114 797 1158 kiirzere
828 1114 1087 1157 iambische
1119 1113 1266 1157 Reihe
1304 1113 1489 1158 freilich
1524 1113 1657 1157 nicht
1686 1113 1774 1157 mit
1805 1113 1887 1156 der

202 1180 569 1237 regelmassigen
599 1179 915 1224 Wiederkehr
947 1179 1275 1236 strophischen
1306 1181 1427 1224 Baus
1468 1181 1667 1223 sondern
1703 1193 1886 1236 zwang-

202 1248 273 1290 los
316 1246 649 1303 eingemischt,
697 1260 777 1289 um
823 1245 975 1289 einem
1027 1245 1174 1289 durch
1214 1245 1316 1290 eine
1361 1246 1597 1302 beliebige
1637 1246 1751 1289 Zahl
1796 1260 1887 1290 von

202 1313 516 1358 Hexametern
533 1311 929 1368 durchgeffihrten
947 1311 1209 1355 Gedanken
1233 1312 1557 1357 ausserlich
1581 1312 1887 1355 ffihlbaren

203 1379 521 1423 Abschluss
563 1395 627 1422 zu
666 1378 861 1435 geben.
930 1378 1036 1421 Den
1067 1377 1326 1435 Eindruck,
1366 1379 1458 1422 den
1496 1378 1623 1422 diese
1656 1377 1887 1423 Trimeter

202 1445 443 1500 machten‚
490 1449 745 1501 vermtigen
779 1443 866 1487 wir
903 1459 989 1489 uns
1029 1445 1163 1489 nicht
1202 1444 1355 1488 sicher
1391 1444 1724 1498 vorzustellen3
1773 1443 1885 1487 aber

199 1509 481 1567 begreiflich
518 1514 642 1554 w'are
683 1523 757 1564 es,
797 1523 932 1553 wenn
965 1510 1032 1554 sie
1065 1510 1165 1555 sich
1196 1527 1252 1555 zu
1284 1511 1366 1555 der
1395 1511 1572 1554 Wfirde
1605 1512 1686 1554 der
1715 1524 1880 1555 voran-

202 1590 513 1633 gegangenen
550 1577 831 1620 Hexameter
868 1575 919 1619 in
956 1576 1231 1620 komischen
1262 1575 1481 1621 Contrast
1514 1577 1725 1622 setzten.'
1761 1576 1885 1632 quod

201 1645 254 1686 ut
285 1642 558 1686 Eiresionae
595 1643 805 1698 exemplo
837 1641 1085 1686 notissimo
1125 1643 1476 1701 comprobatur,
1515 1642 1586 1686 ita
1614 1642 1757 1698 plane
1786 1655 1881 1686 non

202 1709 403 1764 quadrat
450 1708 512 1752 ad
557 1707 857 1765 Xenophanis
903 1709 1167 1753 hexametri
1212 1708 1495 1765 iambicique
1535 1708 1739 1764 trimetri
1769 1707 1883 1751 mix-

201 1775 378 1820 tionem
411 1789 552 1831 quam
585 1774 834 1818 admittere
864 1775 1126 1820 voluerunt.

322 1848 438 1893 ibid.
476 1864 519 1894 v.
556 1853 609 1892 13
647 1850 758 1904 post
797 1848 1120 1893 ‘Victorinus’
1164 1848 1283 1892 adde
1325 1847 1398 1905 ‘(i.
1433 1861 1470 1894 e.
1510 1847 1673 1892 Aelius
1711 1848 1877 1892 Festus

200 1913 498 1971 Aphthonius
524 1914 581 1958 de
612 1927 662 1957 re
685 1913 896 1970 metrica,
929 1914 1011 1970 qui
1033 1912 1348 1971 probabiliter
1378 1927 1435 1958 ex
1457 1914 1666 1958 Varrone
1697 1913 1879 1959 hausit:

200 1980 256 2024 cf.
283 1979 419 2024 Gerh.
446 1979 647 2035 Schultz,
681 1981 843 2036 quibus
874 1980 1136 2025 auctoribus
1166 1980 1265 2024 Δεῖ.
1294 1980 1417 2024 Fest.
1446 1980 1740 2038 Aphthonius
1768 1994 1879 2026 usus

199 2048 272 2091 sit.
304 2045 498 2090 Vratisl.
533 2046 704 2100 1885)'.

317 2118 433 2164 ibid.
467 2133 509 2163 v.
538 2123 591 2162 15
615 2120 725 2175 post
751 2118 1015 2176 ‘copulavit’
1052 2118 1173 2162 adde
1208 2119 1276 2162 ‘et
1297 2118 1584 2175 Hephaestio
1603 2119 1661 2163 de
1677 2133 1827 2176 poem.
1849 2124 1876 2163 3

200 2201 243 2244 p.
278 2190 332 2230 66
366 2185 580 2242 Westph.
619 2183 828 2236 τοιοῦτός
860 2181 955 2229 ἐστι
994 2185 1075 2229 καὶ
1113 2184 1137 2228 ὁ
1168 2186 1414 2243 Μαργίτης
1438 2183 1659 2242 Ὁμήρου·
1701 2185 1755 2229 οὐ
1786 2183 1874 2243 ’γὰρ

199 2249 461 2311 τεταγμένῳ
493 2251 682 2311 ἀριθμῷ
717 2247 841 2296 ἐπῶν
880 2251 931 2296 τὸ
965 2250 1183 2311 ἰαμβικὸν
1223 2247 1516 2309 ἐπιφέρεται,
1557 2263 1676 2307 quae
1714 2250 1873 2308 inepte

201 2317 458 2374 amplificat
489 2317 677 2361 Tzetzes
710 2317 852 2361 schol.
884 2332 931 2374 p.
963 2317 1086 2362 218’.

316 2406 362 2448 p.
403 2396 459 2436 66
500 2390 559 2434 de
596 2391 699 2434 toto
740 2389 1009 2446 cynicorum
1047 2391 1387 2449 σπουδογελοίῳ
1435 2388 1670 2434 scribendi
1706 2403 1876 2447 genere

200 2458 417 2502 accurate
432 2470 555 2500 nunc
571 2456 724 2500 multa
747 2455 962 2513 exposuit
976 2455 1199 2500 Ernestus
1215 2455 1390 2499 Weber
1411 2455 1462 2500 in
1485 2456 1876 2500 commentatione

204 2523 282 2568 ‘de
312 2522 462 2567 Dione
495 2522 826 2578 Chrysostomo
859 2521 1134 2578 Cynicorum
1173 2520 1438 2566 imitatore’
1481 2521 1739 2566 studiorum
1770 2521 1878 2580 Lip-

199 2589 421 2634 siensium
449 2588 678 2633 volumini
707 2588 750 2631 X
779 2588 970 2633 inserta.

314 2678 358 2719 p.
393 2667 448 2706 69
489 2677 531 2707 V.
574 2666 628 2706 13
667 2661 718 2705 in
753 2660 977 2718 Diogenis
1017 2661 1415 2718 apophthegmate
1451 2663 1560 2718 post
1597 2659 1870 2722 μεταφρένῳ

199 2727 341 2770 adde:
392 2726 520 2782 ‘(ubi
550 2726 756 2782 corrigas
789 2729 1003 2787 μετισχίφ
1035 2741 1060 2772 e
1091 2727 1391 2784 gnomologio
1422 2727 1654 2772 Vaticano
1687 2741 1732 2770 n.
1765 2733 1872 2773 224:

198 2792 255 2837 cf.
288 2791 590 2836 Sternbach
577 2807 627 2836 m
662 2791 1118 2839 Commutationibus
1147 2794 1542 2862 Ribbeckiwisp.
1575 2794 1717 2850 358)’.
1888 2790 1895 2793 ’

313 2880 358 2922 p.
385 2871 438 2910 71
465 2865 572 2911 adn.
601 2871 623 2910 1
651 2865 771 2910 adde
787 2865 991 2911 Nauckii
1015 2865 1255 2964 copiosam
1278 2865 1645 2924 disputationem
1667 2867 1874 2925 Me'lanq.

200 2931 279 2976 Gr
284 2931 435 2976 &Rom
466 2931 511 2974 Π
539 2946 585 2988 p
618 2937 866 2979 734—738
