2038 3140
913 161 974 168 —
1055 132 1128 186 54
1210 162 1271 171 -—
1755 153 1932 187 MATRO

249 271 312 318 ad
351 268 598 333 liquidum
634 268 852 330 perduci.
914 268 1006 316 His
1045 269 1202 331 igitur
1240 269 1432 319 lacunis
1472 269 1748 319 Meinekius
1789 270 1936 318 illum

250 366 444 413 quoque
496 366 695 399 versum
743 346 915 414 ὄστρεα
951 375 1012 382 -
1048 347 1180 397 ῧδνα
1225 350 1461 398 haustum
1508 366 1616 400 esse
1663 349 1935 410 confirmat,

248 447 395 493 quem
431 434 547 493 post
585 448 629 479 v.
657 433 722 479 97
766 430 993 480 Convivii
1031 430 1189 479 Attici
1227 431 1542 480 inserendum
1579 424 1806 496 videri.¹)
1866 430 1937 479 At

247 512 401 560 miror
439 513 603 562 virum
653 512 913 574 egregium
960 510 1151 572 fugisse
1198 510 1299 558 iam
1343 510 1485 559 initio
1527 510 1710 574 Cenae,
1763 528 1807 559 v.
1853 513 1936 571 16,

250 594 529 639 ostrearum
584 592 692 640 fieri
745 592 1049 641 mentionem
1096 607 1219 655 quas
1265 593 1318 639 in
1365 593 1537 642 eodem
1582 592 1806 642 convivio
1857 593 1934 641 bis

249 673 432 734 apponi
462 688 561 722 non
591 674 753 737 magis
785 675 1014 722 veterum
1052 689 1159 722 mos
1193 675 1302 721 erat
1333 689 1483 736 quam
1515 675 1592 722 est
1623 674 1935 722 nostratium.

249 753 775 816 Circumspicientibus
814 754 974 815 igitur
1014 769 1164 815 quam
1196 754 1347 801 aliam
1377 753 1547 803 versui
1578 754 1655 802 illi
1686 754 1937 803 exsulanti

248 835 417 883 sedem
457 834 779 898 adsignemus
811 834 898 897 ita,
937 837 996 883 ut
1027 838 1306 884 ostrearum
1342 849 1372 883 a
1403 850 1559 898 coquo
1593 835 1936 898 appositarum

246 916 431 964 mentio
478 931 591 963 cum
635 906 789 966 'versu
833 918 897 965 16
950 917 1110 979 possit
1155 915 1431 979 conciliari,
1484 932 1581 979 quo
1636 918 1826 964 ostreas
1883 931 1935 964 se

247 995 409 1043 edisse
441 999 589 1058 poeta
618 999 805 1057 narrat,
838 1012 966 1045 unus
998 990 1298 1059 relinquitur
1329 998 1466 1046 locus
1498 999 1614 1059 post
1636 1013 1682 1046 v.
1713 998 1795 1059 13,
1819 1012 1935 1045 nam

246 1092 291 1124 v.
330 1079 391 1124 11
437 1078 580 1140 coqui
619 1078 849 1126 dicuntur
889 1078 1010 1126 cibis
1049 1078 1230 1126 adlatis
1269 1093 1467 1127 mensas
1506 1078 1805 1139 implevisse.
1870 1081 1936 1126 At

245 1156 348 1205 illic
389 1158 554 1206 omnia
594 1159 779 1220 optime
826 1158 958 1206 inter
1005 1173 1058 1206 se
1104 1159 1390 1221 cohaerent3
1446 1158 1556 1221 quis
1596 1158 1727 1206 enim
1766 1157 1936 1207 credat

245 1240 447 1299 poetam
486 1238 576 1286 bis
618 1254 702 1287 eos
744 1238 878 1287 cibos
921 1253 1212 1286 enumerare
1251 1239 1493 1301 voluisse,
1539 1255 1661 1302 quos
1703 1239 1933 1302 deinceps

246 1333 277 1365 a
306 1334 456 1368 versu
492 1321 556 1368 16
599 1320 895 1382 singillatim
925 1318 1186 1368 recenset?
1238 1335 1295 1368 eo
1328 1322 1496 1368 autem
1531 1319 1820 1369 deferentur
1850 1321 1936 1383 qui

247 1415 446 1449 versum
485 1401 627 1449 illum
667 1397 838 1466 ὄστρεα
872 1426 940 1434 -
972 1398 1105 1448 ὕδνα
1142 1400 1275 1448 inter
1313 1417 1356 1450 v.
1403 1403 1467 1449 13
1509 1403 1560 1449 et
1603 1402 1669 1449 14
1710 1400 1935 1450 Convivii

245 1479 408 1529 Attici
437 1482 693 1530 intrudere
725 1482 945 1530 animum
968 1473 1322 1547 induxerinffl)
1362 1480 1470 1529 Iam
1494 1497 1605 1529 cum
1630 1480 1693 1529 ad
1718 1476 1935 1529 Ἀττικὸν

247 1562 467 1610 Δεῖπνον
505 1562 755 1624 pertinere
793 1578 893 1610 non
931 1562 1112 1624 possit,
1160 1562 1246 1610 sed
1290 1564 1462 1610 tamen
1500 1563 1680 1610 debeat
1719 1578 1745 1609 e
1785 1577 1934 1611 cenae

245 1642 416 1705 aliqua
439 1643 771 1706 descriptione
803 1658 911 1692 esse
937 1644 1274 1706 depromptuS‚
1306 1658 1368 1691 ne
1391 1642 1710 1691 Athenaeum
1734 1643 1932 1705 quidem

245 1715 353 1788 (vel
371 1727 476 1772 eius
502 1717 883 1790 epitomatores)
907 1723 1033 1771 illud
1056 1724 1236 1772 testari
1258 1725 1528 1772 tenendum
1552 1725 1642 1787 est,
1667 1723 1709 1772 si
1733 1723 1931 1786 quidem

243 1803 296 1851 II
316 1806 383 1853 62
397 1819 423 1853 c
446 1805 568 1854 haec
590 1807 791 1854 tantum
813 1805 1107 1854 traduntur:
1137 1802 1222 1853 καὶ
1236 1803 1462 1874 Μάτρων
1486 1801 1512 1852 ὅ
1536 1802 1766 1873 παρῳδὸς
1790 1801 1844 1852 ἐν
1867 1806 1933 1874 τῷ

245 1883 466 1954 Δείπνῳ·
500 1882 672 1950 ὄστρεα
700 1911 764 1920 -
791 1883 937 1933 ὕδνα.
993 1885 1088 1933 Sed
1118 1885 1244 1933 nihil
1275 1885 1450 1947 opinor
1476 1885 1645 1934 obstat
1669 1885 1931 1947 quominus
1999 1878 2003 1879 ⁷

243 1967 447 2027 praeter
471 1960 687 2015 Ἀττικὸν
714 1967 936 2015 Δεῖπνον
961 1966 1111 2014 aliam
1142 1981 1338 2028 quoque
1369 1980 1517 2014 cenae
1549 1965 1933 2026 descriptionem

243 2046 324 2094 vel
358 2046 527 2108 plures
561 2047 712 2096 etiam
743 2047 985 2095 Matronis
1016 2046 1213 2095 Musam
1242 2046 1423 2094 lusisse
1457 2048 1747 2106 statuamuS‚
1781 2061 1932 2108 quam

245 2128 547 2177 sententiam
601 2128 711 2176 aliis
766 2127 869 2176 iam
914 2130 1064 2191 atque
1117 2127 1419 2176 firmioribus
1473 2126 1751 2175 rationibus
1805 2142 1933 2175 com-

243 2209 481 2270 probabo.
638 2199 645 2205 ⁶

355 2290 556 2338 Etenim
601 2304 702 2338 non
747 2290 910 2339 solum
957 2289 1062 2337 hoc.
1095 2288 1434 2351 fragmentum
1472 2281 1584 2355 (I),
1639 2288 1726 2337 sed
1779 2288 1932 2336 etiam

244 2369 303 2416 fr.
321 2369 373 2416 II
388 2368 468 2416 III
483 2369 556 2416 IV
579 2385 707 2431 quae
732 2367 786 2418 ἕν
810 2362 962 2436 (ταῖς)
979 2367 1251 2438 παρῳδίαις
1268 2368 1435 2431 posita
1460 2368 1618 2417 fuisse
1640 2368 1930 2417 Athenaeus

244 2450 479 2512 testatur,
516 2449 796 2498 Meinekius
831 2445 1029 2518 Ἀττικῷ
1067 2448 1266 2518 Δείπνῳ
1304 2449 1588 2499 vindicavit.
1651 2447 1794 2506 Quod
1833 2465 1930 2512 quo

243 2530 353 2578 iure
383 2530 559 2582 fecerit
590 2530 930 2592 quaerendum
953 2533 1042 2579 est.
1097 2529 1171 2579 Ac
1194 2529 1412 2592 primum
1431 2531 1523 2579 hoc
1546 2530 1711 2592 ipsum
1733 2529 1932 2579 videtur

367 2680 410 2736 1)
450 2676 747 2722 Peltzerus
785 2691 832 2733 p.
865 2681 923 2721 64
957 2690 1048 2733 quo
1079 2677 1183 2721 1000
1214 2676 1297 2722 ille
1335 2689 1494 2721 versus
1533 2675 1826 2734 reponendus
1867 2675 1930 2720 sit

244 2744 296 2789 in
327 2744 470 2790 dubio
501 2743 748 2800 relinquit,
781 2741 1158 2788 Paessensius
1190 2739 1536 2786 dissertationis
1569 2754 1678 2786 suae
1708 2755 1752 2797 p.
1780 2747 1834 2786 63
1869 2741 1931 2797 ad

244 2809 474 2855 Meinekii
502 2810 704 2855 maxime
735 2809 936 2853 inclinat
966 2807 1261 2853 sententiam.

366 2878 412 2933 2)
443 2875 622 2920 Eodem
647 2875 751 2922 1000
784 2874 1016 2922 excidisse
1047 2874 1171 2919 fr.11
1202 2873 1376 2930 aliquis
1410 2872 1673 2931 sumpserit,
1707 2873 1789 2919 sed
1820 2873 1929 2919 vide

243 2939 380 2989 infra.
