2038 3140
882 153 953 159 —
1032 123 1102 175 82
1183 151 1245 158 -—-
1651 139 1914 174 MATRoms

232 260 326 308 dici
350 262 554 321 possent
577 275 666 321 pro
699 274 960 321 corpore.
1018 257 1146 305 Sane
1170 253 1471 320 ὑπογάστρια
1493 257 1674 319 thynni
1699 272 1915 305 summo-

231 356 348 402 pere
387 341 655 388 laudantur
687 340 749 387 ab
782 339 1133 401 Aristophane,
1164 338 1379 399 Eubulo,
1418 338 1720 401 Antiphane,
1759 338 1915 386 Theo-

235 436 428 483 pompo,
470 420 711 468 Strattide
751 436 826 482 ap.
867 420 987 468 Ath.
1018 418 1117 466 VII
1158 419 1261 466 302
1282 417 1424 468 d—f.
1500 417 1595 466 Sed
1641 418 1915 466 remedium

234 502 442 563 praebet
478 501 726 549 Athenaei
771 502 907 549 locus
950 501 1252 560 subsequens
1298 515 1347 560 p.
1389 499 1492 547 303
1514 499 1609 560 ab,
1657 515 1753 560 quo
1794 498 1917 547 dicit

234 580 429 628 laudari
452 581 755 643 thynnorum
773 580 924 628 etiam
941 579 1204 627 claviculas
1231 571 1339 645 (τὰς
1355 578 1549 636 κλεῖδας
1565 572 1915 644 καλουμένας),

233 662 458 722 apposito
490 661 863 723 Aristophontis
902 661 1183 722 fragmento
1226 655 1301 724 (II
1334 661 1439 708 278
1469 653 1647 724 Kock),
1688 675 1783 722 quo
1824 660 1915 706 du-

235 742 352 802 plici
391 742 603 790 nominis
643 741 770 800 κλείς
811 740 1169 804 significatione
1215 741 1364 801 poeta
1409 739 1552 788 ludit.
1630 738 1917 788 claviculae

233 822 349 870 illae
390 822 539 884 capiti
577 823 819 871 finitimae
858 822 1097 870 rescissae
1131 823 1274 869 erant
1304 823 1480 882 utpote
1512 836 1640 883 quae
1670 821 1724 868 in
1755 820 1917 882 epulis

234 905 621 964 apponerentur,
670 905 820 965 caput
864 903 1029 964 ipsum
1075 903 1183 950 erat
1231 903 1504 963 sepositum
1550 904 1608 950 ut
1653 901 1915 964 opsonium

230 983 548 1045 vilissimum3
588 985 647 1033 cf.
681 984 860 1031 Alexin
899 998 977 1045 ap.
1009 982 1128 1030 Ath.
1150 982 1250 1029 ‘VII
1284 984 1430 1031 303a
1469 976 1545 1049 (II
1578 984 1685 1032 354
1725 975 1914 1046 Kock):

233 1056 375 1122 οὗτος
406 1062 640 1127 πρότερον
671 1061 894 1126 κεφαλὴν
927 1063 971 1111 εἰ
999 1062 1141 1126 λάβοι
1171 1062 1387 1126 θύννου,
1423 1063 1429 1123 Ι
1466 1061 1682 1126 ἐνόμιζεν
1706 1060 1918 1128 ἐγχέλεια

232 1142 312 1191 καὶ
344 1140 623 1210 θύννας(Ῥ)
656 1142 795 1207 ἔχειν.
857 1144 1009 1190 Aliud
1050 1143 1181 1190 enim
1214 1145 1291 1190 est
1321 1144 1499 1204 thynni
1539 1147 1740 1207 caput,
1779 1143 1922 1211 aliud

230 1224 558 1286 κεφάλαιον
597 1224 728 1286 apud
768 1224 980 1272 Calliam
1021 1216 1163 1289 (Ath.
1196 1222 1294 1270 VII
1329 1224 1499 1286 286b3
1540 1224 1566 1271 I
1604 1226 1709 1273 694
1749 1217 1917 1291 Kock)

229 1306 502 1366 laudatum,
543 1306 672 1369 quod
704 1305 972 1367 respondet
1001 1306 1171 1351 nostro
1204 1297 1550 1366 ‘Kopfstueck'
1591 1298 1675 1370 (cf.
1709 1301 1834 1369 ούρή
1867 1307 1918 1354 et

233 1379 461 1452 οὐραῖον)
493 1401 583 1434 nec
607 1386 860 1436 diversum
891 1400 1000 1433 esse
1030 1385 1232 1433 videtur
1263 1384 1324 1432 ab
1357 1385 1460 1432 illis
1490 1385 1614 1447 ipsis
1646 1385 1916 1447 claviculis,

236 1482 363 1528 quae
386 1466 742 1528 Aristophonti
764 1466 1056 1528 probantur,
1087 1465 1304 1512 Matroni
1327 1466 1380 1513 ni
1402 1466 1553 1514 fallor
1575 1467 1917 1516 restituendae

232 1550 360 1595 sunt.
424 1546 496 1595 Of.
521 1547 638 1596 Ath.
663 1547 761 1595 VII
787 1548 890 1604 315
905 1547 956 1594 d:
997 1543 1050 1594 ἐν
1074 1545 1329 1609 Γαδείροις
1353 1543 1442 1609 μὲν
1475 1539 1567 1596 οὖν
1598 1546 1657 1595 τὰ
1686 1548 1917 1596 κλειδία

234 1622 360 1692 (scil.
401 1622 723 1694 orcynorum)
762 1623 880 1676 καθ’
925 1625 1049 1675 αὑτὰ
1091 1626 1412 1691 ταριχεύεται,
1459 1625 1526 1686 ὡς
1572 1626 1654 1676 καὶ
1691 1635 1789 1677 τῶν
1828 1626 1917 1677 ἀν-

231 1707 447 1756 τακαίων
479 1707 535 1756 αἵ
566 1708 786 1773 γνάθοι
820 1706 903 1757 καὶ
934 1705 1221 1772 οὐρανίσκοι
1251 1705 1343 1756 κτέ.
1407 1707 1643 1758 Ceterum
1675 1710 1740 1758 ad
1761 1711 1917 1759 verba

231 1787 283 1836 τὸ
332 1785 384 1836 δὲ
430 1783 557 1854 (scil.
595 1790 777 1853 thynni
816 1783 994 1853 caput)
1039 1794 1180 1852 πῆμα
1233 1786 1346 1837 θεοὶ
1397 1786 1557 1838 θέσαν
1602 1787 1918 1855 ἀνθρώποισι

232 1869 291 1917 cf.
333 1869 626 1918 Axionicum
664 1886 743 1931 ap.
785 1869 899 1918 Ath.
932 1870 1058 1918 VIII
1097 1869 1246 1917 3421>
1287 1863 1364 1934 (II
1401 1871 1508 1919 413
1549 1865 1712 1937 Kock)
1751 1873 1917 1934 glauci

235 1952 384 2010 caput
422 1950 730 2014 laudantem,
763 1950 904 1999 cuius
942 1950 1098 1999 verba
1134 1949 1267 1997 infra
1303 1950 1528 1998 adferam
1566 1951 1630 1999 ad
1661 1952 1916 2002 Archestr.

232 2029 295 2076 fr.
333 2029 437 2078 XX.
513 2028 622 2076 Vox
665 2028 1016 2092 Θαλαμηιάδαο
1063 2031 1248 2078 novata
1294 2045 1324 2078 a
1361 2031 1589 2080 Matrone
1642 2032 1706 2080 ad
1751 2036 1918 2095 patro·
2015 1999 2021 2042 ³⁴

233 2108 418 2171 nymici
463 2123 688 2157 normam
729 2110 928 2158 ducitur
970 2125 1000 2158 a
1044 2109 1242 2158 nomine
1280 2110 1481 2174 θαλάμη
1527 2113 1557 2160 i.
1599 2127 1640 2161 e.
1681 2107 1917 2174 ‘piscium

234 2182 440 2248 cubile',
491 2203 581 2236 nec
635 2203 751 2237 sane
804 2188 1064 2238 immemor
1107 2190 1206 2238 fuit
1253 2192 1472 2252 parodus
1522 2192 1619 2241 loci
1665 2192 1917 2257 Odysseae
2007 2188 2011 2240 ᾗ

237 2286 259 2317 ε
298 2270 404 2318 432
459 2267 779 2327 πουλύποδος
837 2269 1134 2334 θαλάμης
1185 2268 1531 2335 ἐξελκομένοιο.
1615 2273 1916 2325 Aristoteles
1996 2282 2007 2298 ”

235 2350 366 2397 enim
397 2349 458 2398 Η.
485 2350 544 2398 Α.
569 2349 694 2397 VIII
728 2350 794 2398 15
829 2343 900 2416 (p.
935 2351 1083 2400 599b
1117 2344 1175 2418 8)
1214 2353 1338 2401 haec
1376 2354 1548 2402 habet:
1593 2354 1825 2404 Φωλοῢσι
1863 2353 1917 2405 δὲ
1989 2385 1996 2401 ,ι

235 2427 318 2477 καὶ
357 2428 410 2478 οἱ
443 2427 627 2479 θύννοι
664 2435 752 2478 τοῦ
791 2437 1026 2494 χειμῶνος
1064 2429 1119 2480 ἐν
1155 2435 1257 2491 τοῖς
1286 2433 1492 2497 βάθεσι,
1528 2430 1612 2483 καὶ
1647 2434 1919 2500 γίνονται

233 2507 500 2558 πιότατοι
545 2507 684 2572 μετὰ
729 2507 835 2573 τὴν
873 2510 1158 2575 φωλείαν,
1203 2510 1287 2562 καὶ
1331 2510 1563 2579 ἄρχονται
1607 2515 1918 2580 θηρεύεσθαι
1982 2543 1985 2546 <

234 2587 332 2638 ἀπὸ
370 2588 615 2648 Πλειάδος
660 2587 900 2654 ἀνατολῆς
945 2588 1080 2656 μέχρι
1120 2588 1418 2659 Ἀρκτούρου
1462 2594 1648 2653 δύσεως
1684 2594 1738 2644 τὸ
1776 2593 1917 2662 ἕσχα-
1981 2606 1988 2620 “

233 2682 337 2720 τον·
378 2667 463 2718 τὸν
503 2665 547 2719 δ’
591 2666 741 2720 ἄλλον
778 2670 956 2735 χρόνον
993 2668 1205 2737 ἡσυχίαν
1234 2671 1412 2741 ἄγουσι
1441 2677 1734 2738 φωλοῦντες.
1789 2673 1916 2725 ἆλί-

236 2764 481 2804 σκονται
531 2747 576 2800 δ’
627 2749 780 2807 ἔνιοι
823 2749 958 2817 περὶ
1005 2751 1105 2802 τὸν
1150 2754 1365 2820 χρόνον
1413 2761 1515 2819 τῆς
1546 2752 1811 2817 ’φωλείας
1850 2795 1860 2805 .
1892 2792 1916 2807 ,
1986 2747 1999 2786 3'

235 2829 334 2879 ἀπὸ
377 2829 470 2896 γὰρ
515 2838 601 2896 τῆς
645 2832 918 2897 θαλάμης
962 2831 1279 2900 προέρχονται
1321 2832 1496 2900 μικρὸν
1533 2832 1613 2883 ἐπὶ
1650 2834 1812 2899 νομήν
1853 2875 1862 2886 .
1903 2829 1914 2888 ζ
1980 2866 1991 2887 ..-

235 2908 351 2960 εἰσὶ
396 2906 441 2960 δ’
485 2911 545 2961 οἱ
583 2911 792 2964 πολλοὶ
829 2918 1167 2978 φωλοῦντες
1209 2914 1458 2979 ἥδιστοι.
1518 2915 1586 2963 Et
1624 2915 1814 2967 Plinius
1852 2917 1915 2968 de
1979 2916 1986 2950 ·'
