2038 3140
0 2431 8 2564 -v—-vv-
0 2382 5 2412 —-
0 2366 2 2371 -
11 2317 14 2323 -

171 115 439 150 HOMERICA
840 128 900 135 —
987 99 1052 151 19
1135 130 1197 135 —

175 230 361 294 [τοῦτο
404 227 469 281 δέ
504 248 598 298 μοι
637 230 764 297 λίην
804 231 962 283 ἔδακε
1002 229 1235 299 φρένας,
1277 224 1399 284 οἷον
1439 231 1652 301 ἔρεξαν·

170 314 380 369 πέπλον
420 336 528 384 μου
566 316 929 387 κατέτρωξαν,
971 316 1036 369 ὃν
1076 317 1323 387 ἐξύφηνα
1363 327 1614 387 καμοῦσα

170 403 229 456 ἐκ
268 403 510 474 ῥὀδάνης
548 409 744 474 λεπτῆς
782 404 873 459 καὶ
914 408 1158 475 στήμονα
1199 408 1399 460 λεπτὸν
1440 410 1636 476 ἔνησα,
1885 427 1948 458 160

165 493 417 561 τρώγλας
454 490 500 544 τ’
540 492 868 563 ε’μποίησαν·
909 494 966 562 [ὁ
1008 492 1058 547 δ’
1096 495 1305 564 ήπητής
1344 515 1439 565 μοι
1478 495 1673 564 ἐπέστη

50 596 131 636 185
163 579 255 633 καὶ
292 583 435 634 πόλυ
475 602 540 650 με
579 583 862 652 πράσσεσ]
902 584 1103 636 τούτου
1142 583 1304 654 χάριν
1346 583 1716 655 ἐξώργισμαι.]

167 667 504 739 [χρησαμένη
545 672 650 740 γὰρ
692 674 862 740 ἔνησα
900 670 991 725 καὶ
1032 672 1134 724 οὐκ
1174 674 1277 740 ἔχω
1319 672 1768 740 ἀνταποδοῦναι.]

23 773 138 813 1863,
171 755 282 824 [καὶ
320 759 555 829 πράσσει
594 779 660 828 με
698 762 918 828 τόκους,
958 761 1020 813 τὸ
1062 758 1123 813 δὲ
1163 760 1346 830 ῥίγιον
1386 761 1789 828 ἀθανάτοισιν]

51 862 132 902 187
168 844 308 911 [ἀλλ’
349 843 471 900 οὐδ’
510 848 583 911 ὣς
622 849 981 918 βατράχοισιν
1020 849 1293 920 ἀρηγέμεν
1334 849 1436 902 οὐκ
1476 849 1740 919 ἐθελήσω.
1883 867 1946 898 165

164 933 270 987 εἰσὶ
308 937 413 1006 γὰρ
455 934 578 990 οὐδ’
617 936 775 990 αὐτοὶ
815 937 1026 1009 φρένας
1066 943 1303 1007 αἴσιμοι,
1345 938 1482 991 ἀλλά
1521 959 1587 1007 με
1624 938 1819 1012 πρῴην

163 1022 222 1075 ἐκ
259 1021 506 1094 πολέμου
547 1025 844 1094 ἀνιοῦσαν,
885 1024 1003 1080 ἐπεὶ
1042 1029 1170 1095 λίην
1210 1026 1529 1095 έκοπώθην,

707 1209 907 1243 HOMERI
945 1208 1066 1242 LOCI
1105 1207 1306 1241 SIMILES

193 1283 273 1322 181
310 1279 425 1325 δάκε
460 1280 511 1326 δὲ
546 1283 724 1339 φρένας
745 1281 938 1338 ’Ἕκτορι
969 1284 1121 1342 μῦθος
1149 1283 1154 1338 Ι
1183 1284 1223 1324 Ε
1249 1286 1334 1325 493

191 1349 274 1389 182
308 1346 457 1403 αὐτὰρ
485 1345 709 1404 Ἀθηναίη
744 1384 752 1392 .
776 1383 785 1393 .
804 1384 813 1393 .

308 1411 485 1457 πέπλον
518 1412 604 1470 μὲν
636 1415 886 1471 κατέχευεν
921 1409 1061 1457 ἑανὸν
1094 1413 1269 1469 πατρὸς
1302 1408 1376 1456 ἐπ’
1406 1412 1536 1456 οὔδει

305 1480 533 1536 ποικίλον,
567 1481 621 1525 ὅν
647 1478 694 1539 ῤ’
723 1480 842 1536 αὐτὴ
874 1477 1102 1534 ποιήσατο
1136 1478 1216 1522 καὶ
1248 1477 1367 1535 κάμε
1400 1480 1557 1536 χερσίν
1590 1481 1630 1522 Ε
1650 1484 1732 1524 733
1753 1494 1850 1535 sqq.

191 1547 276 1587 184
307 1546 395 1588 καί
420 1562 497 1603 μοι
531 1542 733 1604 ἐπέστη*
763 1550 810 1591 Κ
833 1551 919 1590 124

160 1613 276 1654 1862.
306 1610 357 1655 τό
391 1611 441 1656 οἵ
467 1613 548 1658 καὶ
580 1611 731 1672 ῥίγιον
765 1611 894 1657 ἔσται
923 1616 960 1655 Α
985 1615 1070 1656 325

306 1679 358 1723 τὸ
391 1678 444 1724 δέ
475 1697 547 1725 τοι
578 1680 660 1725 καὶ
691 1678 842 1738 ῥ’ίγιον
876 1677 1005 1723 ἔσται
1035 1682 1071 1721 Α
1090 1682 1175 1722 563

191 1746 272 1788 187
306 1745 509 1803 ἀνδράσι
540 1745 592 1791 δὲ
623 1745 920 1805 προτέροισιν
954 1741 1160 1803 ἐριζέμεν
1194 1745 1279 1789 οὐκ
1313 1740 1520 1801 ἐθελήσω
1553 1748 1694 1791 θ223

309 1817 315 1865 Ι
343 1812 460 1856 ἀλλὰ
491 1813 571 1857 καὶ
603 1811 663 1865 ὣς
696 1809 845 1857 ἐθέλω
876 1817 912 1856 Α
933 1817 1017 1856 116

305 1877 405 1922 ἀλλ’
435 1878 540 1923 οὐδ’
569 1878 629 1932 ὣς
662 1875 854 1937 ἕτάρους
886 1875 1111 1937 ε’ρρύσατο
1146 1875 1326 1935 ἱέμενός
1356 1894 1443 1936 περ
1476 1895 1507 1922 α
1525 1884 1550 1923 6

187 1947 272 1988 188
302 1945 415 2003 πρὶν
447 1944 499 1990 δὲ
532 1946 711 2004 φρένας
743 1944 903 2003 αἰσίμη
935 1939 1067 2000 ἦσθα
1097 1953 1136 2000 ψ
1155 1949 1210 1988 14

205 2023 213 2029 ’
302 2011 450 2072 τούτῳ
482 2011 529 2056 δ’
557 2010 656 2057 οὔτ’
686 2010 744 2071 ἂρ
776 2019 864 2057 νῦν
897 2009 1068 2070 φρένες
1101 2009 1293 2068 ἔμπεδοι
1326 2009 1426 2055 οὔτ’
1455 2009 1532 2068 ἄρ’
1562 2011 1735 2055 ὀπίσσω

306 2075 520 2123 ἔσσονται
555 2081 590 2122 Ζ
612 2083 698 2134 352
717 2093 784 2134 sq.
830 2077 886 2123 cf.
912 2094 940 2121 κ
956 2082 1060 2132 493,
1092 2091 1118 2120 σ
1135 2082 1222 2122 215

186 2147 270 2187 189
304 2139 356 2187 ἐκ
386 2142 590 2201 πολέμου
622 2143 852 2189 ἀνιόντα*
887 2147 923 2187 Ζ
945 2148 1032 2188 480

303 2205 355 2253 ἐκ
385 2215 574 2266 πομπῆς
604 2209 865 2254 ἀνιοῦσαν*
895 2213 934 2254 θ
958 2214 1044 2254 568

714 2378 969 2415 VARIETAS
1007 2376 1279 2412 LEOTIONIS

274 2458 355 2498 181
398 2453 452 2500 δέ
484 2470 574 2512 μου
615 2454 660 2498 V
754 2452 832 2499 οἷα
863 2449 914 2512 μ’
952 2451 1120 2511 ἕοργαν
1161 2451 1205 2495 V
1241 2447 1336 2507 (οἷα
1368 2448 1416 2507 μ’
1448 2448 1645 2508 ἔοργας*
1675 2453 1725 2494 X
1734 2454 1841 2508 347)

152 2527 235 2567 182
270 2509 486 2580 ἕξύφάνα
524 2523 568 2567 V
715 2525 799 2565 183
840 2518 1002 2577 ἕνησα]
1038 2517 1178 2576 ἔοργα
1207 2517 1252 2560 L
1410 2520 1495 2560 184
1526 2516 1608 2560 καὶ
1637 2517 1842 2574 τρώγλας

150 2583 394 2634 ἐτέλεσσαν
428 2589 474 2633 V
528 2589 620 2633 duo
651 2586 953 2632 hemistichia
983 2598 1103 2642 quae
1134 2582 1305 2628 inclusi
1336 2582 1507 2641 desunt
1535 2582 1586 2626 in
1614 2582 1681 2638 L,
1712 2584 1839 2628 recte

148 2653 363 2711 fortasse,
387 2655 644 2712 ablegatur
661 2650 940 2712 ἐμποίησαν·
967 2651 1076 2697 ὅτου
1093 2649 1231 2709 χάριν
1317 2653 1401 2694 186
1428 2645 1592 2707 ἔνησα]
1610 2646 1774 2705 ὕφηνα
1799 2649 1845 2692 V

152 2725 269 2766 1862,
297 2718 465 2774 τόκους
488 2720 854 2778 Chalcondylas:
884 2718 1039 2771 τόκοις
1054 2718 1114 2774 L,
1142 2715 1279 2767 τόκος
1307 2715 1348 2761 J
1399 2711 1561 2758 τόκον·
1592 2709 1645 2757 τό
1670 2709 1716 2769 γ’
1745 2708 1838 2771 ἔρι’-

147 2801 297 2831 πονον
330 2787 390 2842 V3
431 2787 517 2832 sub
547 2785 683 2838 τόκος
712 2787 834 2831 latet,
862 2786 1062 2832 fortasse
1093 2782 1238 2834 πόκος
1361 2784 1443 2825 187
1462 2791 1561 2834 sqq.
1596 2778 1653 2824 cf.
1687 2778 1748 2823 ad
1779 2785 1835 2824 67

151 2857 233 2897 187
266 2850 498 2910 ἀρηγέμεν
537 2854 623 2898 οὐκ
655 2850 862 2908 ἐθελήσω
903 2852 963 2896 V:
1002 2848 1234 2908 ἀρηγέμεν
1267 2843 1552 2907 βουλήσομαι
1582 2843 1628 2889 L
1720 2891 1724 2897 ,
1751 2849 1835 2890 188

148 2917 326 2975 αἴσιμοι
358 2918 539 2976 scripsi:
574 2916 766 2977 ἔμπεδοι
795 2918 840 2963 L
855 2918 901 2964 V
954 2924 1139 2976 πρῶτον
1169 2915 1214 2960 L

1501 2990 1564 3035 2*
