2038 3140
159 149 427 183 HOMEmCA
829 160 890 167 -—
972 131 1039 182 21
1119 161 1189 167 -

233 265 466 329 Πρῶτος
504 256 555 312 δ’
591 256 848 329 Ὑψιβόας
884 263 1198 331 Λειχήνορα
1239 263 1437 316 οὔτασε
1479 262 1640 332 δουρὶ
1875 281 1938 313 180

160 344 370 401 ἑσταότ’
407 348 468 402 ἐν
506 349 811 419 προμάχοις
849 351 984 402 κατὰ
1023 349 1261 421 γαστέρα
1302 352 1355 414 ἐς
1394 351 1563 421 μέσον
1602 349 1772 423 ἧπαρ·

158 438 264 489 κὰδ
304 432 356 489 δ’
391 439 548 490 ἔπεσε
586 440 824 508 πρηνής,
866 438 1076 501 ἁπαλὰς
1115 436 1168 491 δ’
1207 439 1456 494 ἐκόνισεν
1496 440 1731 511 ἐθείρας.

40 543 126 583 206
165 528 214 576 T
211 527 562 595 ρωγλοδύτης
602 524 664 580 δὲ
703 524 819 597 μετ’
855 527 1026 580 αὐτὸν
1067 527 1320 582 ἀκόντισε
1360 532 1708 598 Πηλείωνος,

156 613 290 680 πῆξε
330 609 382 665 δ’
419 611 503 666 ἐνὶ
543 614 753 687 στέρνῳ
795 617 1060 685 στιβαρὸν
1101 617 1259 687 δόρυ·
1300 619 1398 670 τὸν
1438 615 1499 671 δὲ
1537 621 1776 672 πεσόντα

159 694 268 753 εἷλε
308 700 473 769 μέλας
511 703 783 771 θάνατος,
822 703 970 772 ψυχὴ
1013 701 1063 756 δ’
1102 700 1161 757 ἐκ
1200 707 1451 775 σώματος
1490 708 1636 774 ἔπτη.
1871 720 1936 753 185

161 792 489 856 [Σευτλαῖος
529 787 580 843 δ’
618 789 705 861 ἄρ’
746 793 948 861 ἔπεφνε
988 792 1175 860 βαλὼν
1210 793 1342 863 κέαρ
1371 790 1846 863 Ἐμβασίχυτρον.]

699 1063 900 1096 Hom-3131
938 1064 1059 1097 LOCI
1100 1064 1299 1097 SIMILES

158 1155 241 1194 202
262 1164 328 1204 sq.
360 1156 540 1205 πρῶτος
571 1148 617 1193 δ’
649 1148 899 1206 Ἀντίλοχος
935 1151 1105 1208 Τρώων
1139 1150 1239 1198 ἕλεν
1272 1153 1425 1212 ἄνδρα
1456 1154 1686 1212 κορυστήν

366 1211 536 1260 ἐσθλὸν
571 1212 621 1260 ἐν
652 1215 934 1273 προμάχοισι
965 1222 1008 1260 Δ
1032 1222 1118 1262 457

366 1282 532 1326 οὔτασε
567 1283 734 1338 δουρί*
768 1285 807 1325 Ε
832 1287 887 1326 56

251 1354 335 1392 203
372 1345 551 1392 ἑσταότ’
583 1348 631 1392 ἔν
664 1347 719 1392 θ’
750 1350 965 1392 ἵπποισι*
998 1355 1040 1393 Δ
1066 1356 1150 1394 366

365 1413 508 1472 μέσην
542 1415 663 1458 κατὰ
695 1414 896 1472 γαστέρα
928 1416 1046 1471 τύψε
1082 1420 1224 1461 Ρ313

366 1478 481 1525 οὖτα
512 1479 631 1524 καθ’
660 1477 823 1539 ἧπαρ*
859 1484 901 1524 Τ
921 1487 1007 1527 469

365 1546 506 1604 μέσον
538 1543 666 1604 ἧπαρ
701 1551 846 1592 52212

246 1618 333 1658 204
366 1613 459 1657 κὰδ
490 1612 535 1657 δ’
566 1612 763 1658 ἔπεσεν*
792 1618 834 1658 Λ
858 1620 944 1660 676
962 1615 1022 1660 al.

364 1678 501 1736 ἤριπε
535 1678 586 1724 δὲ
619 1679 832 1737 πρηνής*
865 1683 980 1725 E58

364 1745 388 1789 ὀ
421 1743 473 1790 δὲ
505 1746 687 1803 πρηνὴς
720 1741 797 1790 ἐπὶ
829 1749 938 1804 γαίῃ
967 1749 974 1803 Ι
1002 1746 1206 1793 κάππεσ’
1243 1751 1294 1792 H
1314 1754 1399 1794 310
1419 1764 1484 1806 sq.
1513 1749 1572 1794 al.

364 1811 639 1869 μιάνθησαν
671 1811 723 1857 δὲ
759 1811 977 1871 ἔθειραι*
1009 1815 1060 1857 H
1081 1818 1166 1859 795

362 1873 543 1923 ἐκόνισε
576 1877 628 1923 δὲ
661 1881 858 1936 χαίτας*
894 1882 933 1923 Φ
955 1885 1042 1926 407

246 1948 330 1989 207
366 1944 535 1999 στήθεϊ
563 1943 611 1988 δ’
641 1941 692 1990 ἐν
724 1944 840 2003 δόρυ
870 1948 987 2004 πῆξε
1025 1949 1168 1993 0650

245 2014 332 2055 208
363 2010 491 2067 ψυχὴ
525 2007 571 2054 δ’
601 2007 652 2055 ἐκ
685 2008 869 2069 ῥεθέων
899 2013 1111 2072 πταμένη
1137 2011 1340 2059 ’Ἄιδόσδε
1374 2013 1563 2074 βεβήκει
1594 2016 1644 2057 H
1665 2019 1750 2060 856

1221 2077 1321 2125 ὦκα
1359 2078 1413 2125 δὲ
1451 2080 1606 2137 θυμὸς

363 2141 498 2202 ᾤχετ’
512 2144 606 2189 ἀπὸ
619 2143 808 2202 μελέων,
823 2146 1039 2204 στυγερὸς
1052 2144 1098 2190 δ’
1112 2145 1206 2204 ἄρα
1218 2163 1298 2204 μιν
1311 2144 1475 2198 σκότος
1487 2143 1608 2191 εἷλεν
1620 2148 1672 2190 Ν
1684 2150 1766 2192 671
1780 2160 1846 2202 sq.

364 2209 561 2265 μέλανος
589 2209 824 2255 θανάτοιο
856 2213 907 2255 Π
924 2215 1010 2256 687

364 2275 445 2319 τὸν
470 2274 522 2319 δὲ
548 2273 652 2320 κατ’
676 2275 781 2323 ὄσσε
810 2279 816 2334 Ι
846 2275 1007 2337 ἔλλαβε
1030 2277 1298 2336 πορφύρεος
1320 2277 1532 2330 θάνατος
1564 2281 1605 2322 Ε
1629 2282 1684 2323 82
1701 2293 1766 2336 sq.
1787 2280 1846 2323 al.

154 2463 508 2470 —-———-

711 2527 968 2563 VAROETAS
1006 2528 1280 2563 LEOTIONIS

274 2616 359 2656 202
384 2619 568 2671 πρῶτον
593 2613 638 2658 V
723 2619 810 2660 203
833 2615 1116 2675 προμάχοισι
1131 2616 1226 2662 LJ
1277 2613 1396 2660 καθ’
1415 2613 1594 2672 ἥπατος
1616 2616 1656 2661 J
1710 2614 1777 2668 εἰς
1799 2617 1845 2662 L

153 2682 241 2723 204
265 2676 407 2723 aad&
433 2678 479 2724 L
540 2675 752 2726 ἔκόνισεν
776 2695 1004 2739 suprascr.
1030 2697 1058 2728 σ
1079 2682 1243 2728 littera
1266 2681 1433 2726 eadem
1455 2694 1599 2726 manu
1620 2682 1665 2726 L
1735 2684 1846 2739 post

152 2748 241 2789 204
280 2743 416 2789 addit
444 2746 509 2791 L:
556 2751 645 2793 205
675 2747 912 2806 δούπησεν
944 2746 997 2794 δὲ
1027 2748 1205 2804 πεσών,
1245 2745 1453 2806 ἀράβησε
1485 2744 1537 2792 δὲ
1576 2745 1728 2805 τεύχε’
1763 2744 1841 2794 ἐπ’

151 2810 278 2871 αὐτῷ
295 2811 423 2869 (=A
437 2816 524 2858 504
539 2812 620 2871 al.)
692 2818 779 2860 206
794 2816 1033 2872 πηλείωνα
1057 2816 1101 2861 V
1165 2819 1252 2859 207
1269 2813 1387 2869 πῆξε
1404 2810 1452 2857 δ’
1465 2808 1517 2858 ἕν
1532 2813 1577 2857 L
1588 2814 1641 2871 V,
1665 2815 1847 2859 correxi

151 2881 239 2924 208
271 2877 383 2924 dedi
411 2878 540 2935 quod
569 2878 749 2925 habent
774 2881 935 2939 ozyP
961 2881 1067 2927 alii:
1099 2879 1152 2927 δὲ
1178 2880 1388 2937 σώματος
1412 2876 1526 2937 ἔπτη
1549 2880 1608 2937 L,
1638 2880 1768 2938 ψυχὴ
1791 2877 1840 2926 δ’

155 2937 209 2987 ἐκ
239 2941 466 3002 πόματος
495 2942 610 3003 ἔπτη
650 2945 696 2991 V
814 2951 900 2993 209
931 2946 1124 2993 inclusit
1153 2944 1377 2992 Draheim
