2038 3140
880 134 941 141 —-
1027 105 1129 157 166
1211 136 1271 143 —
1410 125 1692 160 AROHESTR.
1725 128 1912 160 HEDYP.

72 249 183 281 LVII
231 243 330 287 τοῦ
371 232 431 287 δὲ
471 237 618 303 λαγὼ
659 238 860 288 πολλοί
885 255 942 288 τε
978 238 1172 303 τρόποι
1203 240 1408 290 πολλαί
1431 257 1488 291 τε
1519 237 1705 301 θέσεις
1738 237 1909 309 <μὲν>
1931 253 2005 293 (57)

231 325 523 391 σκευασίης
563 325 726 376 εἰσίν·
767 333 945 387 κεῖνος
986 322 1036 376 δ’
1076 320 1179 377 οὖν
1218 325 1367 378 ε’στιν
1407 327 1652 395 ἄριστος,

230 410 299 463 ἂν
338 413 563 463 πίνουσι
603 411 803 478 μεταξὺ
845 410 1017 482 φέρῃς
1055 410 1218 481 κρέας
1257 413 1426 466 ὀπτὸν
1466 413 1698 485 ἑκάστῳ,

229 501 469 568 θερμόν,
511 499 695 562 ἁπλῶς
735 499 1064 568 ἁλίπαστον,
1106 500 1443 571 ἀφαρπάζων
1483 502 1772 570 ὀβελίσκου

173 606 198 644 5
231 589 428 656 μικρὸν
468 587 829 657 ἐνωμότερον.
905 589 977 657 μὴ
1018 591 1254 642 λυπείτω
1297 589 1362 643 δέ
1397 588 1448 643 σ’
1494 591 1707 659 ὁρῶντα

45 1042 176 1075 LVIII

229 677 399 745 ἰχῶρα
440 676 703 740 στάζοντα
743 686 944 746 κρεῶν,
986 675 1106 730 ἀλλ’
1146 680 1302 731 ἔσθιε
1341 679 1572 749 λάβρως.

227 765 288 816 αἱ
324 762 374 816 δ’
414 765 574 818 ἄλλαι
613 768 894 836 περίεργοι
933 761 1107 834 ἔμοιγ’
1144 765 1286 820 εἰσὶν
1327 768 1418 820 διὰ
1455 770 1660 832 παντὸς

226 855 538 922 σκευασίαι,
578 858 786 922 γλοιῶν
825 855 1212 924 καταχύσματα
1250 854 1341 908 καὶ
1378 858 1655 926 κατάτυρα

224 940 315 994 καὶ
354 941 610 995 κατέλαια
650 945 801 1010 λίην,
842 944 1023 1013 ὥσπερ
1064 946 1636 1011 γαλεοψοποιούντων.

230 1029 322 1082 καὶ
361 1032 612 1084 σιτευτὸν
651 1032 818 1100 χηνὸς
858 1031 1003 1100 ὁμῶς
1043 1033 1266 1097 σκεύαζε
1305 1037 1555 1101 νεοττόν,

225 1115 394 1172 ὀπτὸν
435 1120 618 1182 ἁπλῶς
658 1118 748 1172 καὶ
787 1121 950 1172 τόνδε

912 1287 1226 1321 TESTIMONIA

334 1359 476 1408 LVII
531 1360 647 1407 Assh.
681 1360 751 1408 IX
784 1362 957 1410 399d:
998 1359 1170 1426 λαγώς.
1222 1359 1334 1426 περὶ
1371 1360 1547 1411 τούτου
1588 1357 1613 1411 ὅ
1656 1358 1745 1425 μὲν
1786 1358 1910 1424 ὀψο-

224 1440 455 1498 δαίδαλος
475 1436 541 1489 ’A.
562 1440 718 1499 οὕτως
743 1441 870 1504 φησί
891 1448 1027 1491 «τοῦ
1051 1467 1111 1474 -
1135 1438 1649 1505 ὅψοποιούντων».
1682 1442 1910 1490 Eustath.

229 1524 385 1582 1626,
414 1524 504 1570 34:
546 1519 611 1580 ὡς
651 1519 703 1570 δὲ
739 1529 890 1587 τηροῦ
925 1516 1058 1589 (lege
1082 1516 1258 1589 τυροῦ)
1293 1522 1535 1572 σύνθετον
1568 1518 1593 1572 ὃ
1625 1522 1911 1587 κατάτυρος,

224 1602 375 1665 δηλοῖ
413 1598 438 1652 ὁ
479 1602 677 1668 γράψας
721 1601 773 1651 τὸ
823 1606 1075 1668 «γλοιῶν
1114 1600 1532 1667 καταχ“ύσματα
1579 1598 1764 1671 (insere
1803 1597 1909 1670 καὶ)

222 1683 369 1730 κατά
382 1698 576 1746 τυρα».

334 1764 499 1812 LVIII
570 1765 687 1813 Ath.
738 1765 810 1812 IX
859 1766 1028 1814 384b:
1091 1763 1172 1814 καὶ
1221 1761 1286 1814 Ἀ.
1344 1763 1396 1814 ἐν
1450 1768 1515 1835 τῷ
1569 1763 1909 1834 περιθρυλήτῳ

221 1843 454 1908 ποιήματι
495 1841 604 1902 «ὡς
642 1843 738 1893 καὶ
774 1873 836 1878 -
873 1845 1090 1895 τόνδε».

784 1992 1039 2026 VARIETAS
1078 1993 1349 2026 LEOTIONIS

278 2079 280 2081 v
341 2059 465 2102 LVII
500 2065 519 2102 1
549 2057 633 2115 μὲν
652 2058 838 2102 addidit
855 2059 1280 2116 Schweighaeuser,
1305 2059 1471 2103 πολλαὶ
1487 2057 1646 2110 θέσιές
1663 2075 1710 2104 τε
1728 2059 1908 2114 Iacobs,

221 2123 381 2175 θέσεις
406 2139 478 2169 σοι
501 2124 757 2181 DobranS,
790 2127 962 2170 πολλαί
981 2143 1029 2170 τε
1053 2124 1273 2183 θέμιστες
1302 2128 1378 2171 vel
1409 2126 1574 2171 πολλαὶ
1600 2124 1652 2171 δὲ
1677 2126 1836 2178 θέσεις
1859 2143 1908 2172 τε

222 2192 395 2236 collato
427 2195 473 2235 K
492 2197 579 2236 466
611 2191 843 2247 Ribbeck,
887 2192 1055 2236 πολλαί
1083 2190 1124 2236 τ’
1163 2191 1287 2238 ἰδέαι
1319 2208 1391 2238 σοι
1430 2193 1762 2238 Stadtmueller
1881 2198 1907 2237 2

223 2260 491 2315 σκευασίηςε
524 2260 774 2310 σκευασίας
804 2259 850 2303 A
915 2257 1010 2303 εἰσί
1035 2259 1095 2314 A,
1127 2259 1329 2303 correxit
1358 2259 1562 2304 Dindorf
1663 2266 1688 2304 3
1721 2261 1909 2304 πίνουσι

223 2324 410 2382 scripsit
442 2327 638 2370 πεινῶσι
668 2325 714 2368 A
747 2324 795 2378 (i.
821 2338 859 2369 e.
892 2325 1065 2381 πίωσι),
1098 2332 1291 2370 πεινῶσι
1325 2326 1365 2371 0
1478 2331 1502 2369 7
1535 2323 1791 2377 διαπαντός
1882 2329 1908 2369 8

221 2395 372 2448 ’γλυῶν
403 2392 463 2447 A,
496 2395 662 2449 γλοιῶν
694 2390 972 2434 Eustathius
995 2391 1073 2436 1.1.
1186 2397 1211 2435 9
1245 2393 1368 2448 λίηνε
1401 2393 1506 2435 λίαν
1538 2391 1584 2435 Α
1643 2394 1760 2448 ’γαλῆ
1793 2391 1910 2445 ὄψο-

221 2464 466 2509 ποιοῦντες
489 2458 549 2513 A,
574 2461 690 2515 γαλῇ
716 2456 1072 2513 ὀψοποιούντων
1093 2455 1138 2512 O,
1165 2456 1290 2512 quod
1314 2456 1437 2513 dedi,
1462 2455 1664 2501 coniecit
1682 2455 1907 2512 Ribbeck,

223 2523 565 2580 ὀψοποιοῦντος
595 2522 910 2568 Wilamowiizz
1753 2581 1756 2583 Δ

340 2589 487 2633 LVIII
521 2595 543 2632 1
571 2589 630 2640 ὡς
647 2588 743 2644 καὶ,
767 2588 894 2644 quod
909 2589 1041 2632 tenet
1054 2587 1282 2645 Ribbeck,
1300 2588 1359 2644 A,
1386 2587 1549 2639 οὕτως·
1575 2587 1656 2632 καὶ
1674 2587 1909 2646 Schweig-

221 2655 433 2711 haeuser,
452 2669 544 2711 quo
559 2656 748 2700 auctore
761 2654 822 2706 ὡς
838 2654 1014 2699 delevit
1024 2653 1228 2698 Dindorf
1269 2661 1478 2700 σιτευτοῢ
1494 2653 1555 2709 Α,
1571 2666 1685 2697 corr.
1695 2653 1910 2698 Ribbeck

224 2721 340 2779 ὁμοῦ
364 2723 425 2777 A,
457 2722 583 2778 quod
614 2735 670 2766 ex
703 2723 926 2777 sequente
957 2735 1096 2766 versu
1125 2722 1217 2766 huc
1248 2721 1488 2765 aberrasse
1518 2720 1656 2776 putat
1679 2718 1907 2774 Ribbeck,

223 2787 345 2844 ὁμῶς
375 2788 478 2845 ipse
509 2787 690 2832 conieci
780 2787 992 2842 σκευάζει
1023 2787 1084 2843 A,
1117 2786 1317 2831 correxit
1348 2783 1760 2842 Schweighaeuser
1879 2790 1905 2830 2

223 2853 367 2899 ὀπτὸν
399 2853 515 2911 ὁμοῦ
547 2854 628 2899 καὶ
657 2852 793 2899 τόνδε
825 2852 870 2911 γ’
903 2853 1058 2906 ἁπλῶς
1090 2853 1186 2899 sive
1219 2851 1362 2898 ὀπτὸν
1394 2850 1548 2902 ἁπλῶς
1577 2850 1657 2895 καὶ
1689 2849 1826 2896 τόνδε
1857 2849 1903 2910 ’γ’

223 2918 339 2977 ὁμοῦ
371 2919 572 2965 coniecit
600 2919 814 2964 Ribbeck

1929 1047 2003 1087 (58)
