<?xml version="1.0" encoding="UTF-8"?>
<!DOCTYPE html PUBLIC "-//W3C//DTD XHTML 1.0 Transitional//EN"
    "http://www.w3.org/TR/xhtml1/DTD/xhtml1-transitional.dtd">
<html xmlns="http://www.w3.org/1999/xhtml" xml:lang="en" lang="en">
 <head>
  <title>
</title>
<meta http-equiv="Content-Type" content="text/html;charset=utf-8" />
  <meta name='ocr-system' content='tesseract 3.04.00' />
  <meta name='ocr-capabilities' content='ocr_page ocr_carea ocr_par ocr_line ocrx_word'/>
</head>
<body>
  <div class='ocr_page' id='page_1' title='image "./corpusculumpoesi01lipsuoft_0164.png"; bbox 0 0 2038 3140; ppageno 0'>
   <div class='ocr_carea' id='block_1_1' title="bbox 48 280 167 312">
    <p class='ocr_par' dir='ltr' id='par_1_1' title="bbox 48 280 167 312">
     <span class='ocr_line' id='line_1_1' title="bbox 48 280 167 312; baseline 0 0"><span class='ocrx_word' id='word_1_1' title='bbox 48 280 167 312; x_wconf 88' lang='lat' dir='ltr'>XXII</span> 
     </span>
    </p>
   </div>
   <div class='ocr_carea' id='block_1_2' title="bbox 857 134 1893 186">
    <p class='ocr_par' dir='ltr' id='par_1_2' title="bbox 857 134 1893 186">
     <span class='ocr_line' id='line_1_2' title="bbox 857 134 1893 186; baseline -0.002 0"><span class='ocrx_word' id='word_1_2' title='bbox 857 165 918 171; x_wconf 97' lang='lat'><strong>—</strong></span> <span class='ocrx_word' id='word_1_3' title='bbox 1005 134 1107 186; x_wconf 77' lang='lat'><em>150</em></span> <span class='ocrx_word' id='word_1_4' title='bbox 1189 164 1250 170; x_wconf 87' lang='lat'><em>—-</em></span> <span class='ocrx_word' id='word_1_5' title='bbox 1391 150 1675 184; x_wconf 76' lang='lat' dir='ltr'>ARCHESTR.</span> <span class='ocrx_word' id='word_1_6' title='bbox 1708 153 1893 184; x_wconf 83' lang='lat' dir='ltr'><strong>HEDYP.</strong></span> 
     </span>
    </p>
   </div>
   <div class='ocr_carea' id='block_1_3' title="bbox 206 260 1983 598">
    <p class='ocr_par' dir='ltr' id='par_1_3' title="bbox 206 260 1983 422">
     <span class='ocr_line' id='line_1_3' title="bbox 215 260 1983 337; baseline -0.001 -19"><span class='ocrx_word' id='word_1_7' title='bbox 215 265 275 318; x_wconf 78' lang='grc' dir='ltr'><em>ἐν</em></span> <span class='ocrx_word' id='word_1_8' title='bbox 316 263 366 318; x_wconf 78' lang='grc' dir='ltr'><em>δ’</em></span> <span class='ocrx_word' id='word_1_9' title='bbox 404 271 559 337; x_wconf 72' lang='grc' dir='ltr'><em>Αἴνῳ</em></span> <span class='ocrx_word' id='word_1_10' title='bbox 601 264 691 317; x_wconf 85' lang='grc' dir='ltr'><em>καὶ</em></span> <span class='ocrx_word' id='word_1_11' title='bbox 730 272 804 337; x_wconf 76' lang='grc' dir='ltr'><em>τῷ</em></span> <span class='ocrx_word' id='word_1_12' title='bbox 848 268 1048 336; x_wconf 78' lang='grc' dir='ltr'><em>Πόντῳ</em></span> <span class='ocrx_word' id='word_1_13' title='bbox 1089 265 1191 332; x_wconf 82' lang='grc' dir='ltr'><em>τὴν</em></span> <span class='ocrx_word' id='word_1_14' title='bbox 1229 260 1300 316; x_wconf 87' lang='grc' dir='ltr'><em>ὗν</em></span> <span class='ocrx_word' id='word_1_15' title='bbox 1341 264 1595 334; x_wconf 78' lang='grc' dir='ltr'><em>ἀγόραζε,</em></span> <span class='ocrx_word' id='word_1_16' title='bbox 1913 278 1983 320; x_wconf 87' lang='grc'>(44)</span> 
     </span>
     <span class='ocr_line' id='line_1_4' title="bbox 206 351 1629 422; baseline -0.002 -16"><span class='ocrx_word' id='word_1_17' title='bbox 206 355 277 422; x_wconf 76' lang='grc' dir='ltr'><em>ἣν</em></span> <span class='ocrx_word' id='word_1_18' title='bbox 316 353 580 406; x_wconf 88' lang='grc' dir='ltr'><em>καλεόυσί</em></span> <span class='ocrx_word' id='word_1_19' title='bbox 614 372 758 415; x_wconf 80' lang='grc' dir='ltr'><em>τινες</em></span> <span class='ocrx_word' id='word_1_20' title='bbox 798 358 1026 420; x_wconf 83' lang='grc' dir='ltr'><em>θνητῶν</em></span> <span class='ocrx_word' id='word_1_21' title='bbox 1065 358 1335 421; x_wconf 79' lang='grc' dir='ltr'><em>ψαμμῖτιν</em></span> <span class='ocrx_word' id='word_1_22' title='bbox 1376 351 1629 420; x_wconf 81' lang='grc' dir='ltr'><em>ὀρυκτήν.</em></span> 
     </span>
    </p>

    <p class='ocr_par' dir='ltr' id='par_1_4' title="bbox 207 438 1665 510">
     <span class='ocr_line' id='line_1_5' title="bbox 207 438 1665 510; baseline 0 -16"><span class='ocrx_word' id='word_1_23' title='bbox 207 443 405 510; x_wconf 79' lang='grc' dir='ltr'><em>ταύτης</em></span> <span class='ocrx_word' id='word_1_24' title='bbox 443 443 544 509; x_wconf 84' lang='grc' dir='ltr'><em>τὴν</em></span> <span class='ocrx_word' id='word_1_25' title='bbox 584 442 832 510; x_wconf 82' lang='grc' dir='ltr'><em>κεφαλὴν</em></span> <span class='ocrx_word' id='word_1_26' title='bbox 874 441 1027 504; x_wconf 80' lang='grc' dir='ltr'><em>ἕψειν</em></span> <span class='ocrx_word' id='word_1_27' title='bbox 1067 438 1241 510; x_wconf 75' lang='grc' dir='ltr'><em>μηδὲν</em></span> <span class='ocrx_word' id='word_1_28' title='bbox 1279 442 1665 507; x_wconf 74' lang='grc' dir='ltr'><em>προσενεγκὼν</em></span> 
     </span>
    </p>

    <p class='ocr_par' dir='ltr' id='par_1_5' title="bbox 210 526 1853 598">
     <span class='ocr_line' id='line_1_6' title="bbox 210 526 1853 598; baseline 0 -16"><span class='ocrx_word' id='word_1_29' title='bbox 210 528 434 598; x_wconf 69' lang='grc' dir='ltr'><em>ἥδυσμ’,</em></span> <span class='ocrx_word' id='word_1_30' title='bbox 477 526 594 582; x_wconf 83' lang='grc' dir='ltr'><em>ἀλλ’</em></span> <span class='ocrx_word' id='word_1_31' title='bbox 633 530 687 592; x_wconf 81' lang='grc' dir='ltr'><em>ἐς</em></span> <span class='ocrx_word' id='word_1_32' title='bbox 725 531 880 598; x_wconf 78' lang='grc' dir='ltr'><em>ὕδωρ</em></span> <span class='ocrx_word' id='word_1_33' title='bbox 922 532 1096 598; x_wconf 89' lang='grc' dir='ltr'><em>μόνον</em></span> <span class='ocrx_word' id='word_1_34' title='bbox 1138 527 1322 591; x_wconf 84' lang='grc' dir='ltr'><em>ἐνθεὶς</em></span> <span class='ocrx_word' id='word_1_35' title='bbox 1361 527 1451 581; x_wconf 88' lang='grc' dir='ltr'><em>καὶ</em></span> <span class='ocrx_word' id='word_1_36' title='bbox 1490 531 1643 598; x_wconf 82' lang='grc' dir='ltr'><em>θαμὰ</em></span> <span class='ocrx_word' id='word_1_37' title='bbox 1682 538 1853 582; x_wconf 81' lang='grc' dir='ltr'><em>κινῶν</em></span> 
     </span>
    </p>
   </div>
   <div class='ocr_carea' id='block_1_4' title="bbox 155 617 1694 688">
    <p class='ocr_par' dir='ltr' id='par_1_6' title="bbox 155 617 1694 688">
     <span class='ocr_line' id='line_1_7' title="bbox 155 617 1694 688; baseline 0.007 -18"><span class='ocrx_word' id='word_1_38' title='bbox 155 637 179 675; x_wconf 81' lang='lat'>5</span> <span class='ocrx_word' id='word_1_39' title='bbox 213 619 476 671; x_wconf 78' lang='grc' dir='ltr'><em>ὕσσωπον</em></span> <span class='ocrx_word' id='word_1_40' title='bbox 515 619 764 687; x_wconf 75' lang='grc' dir='ltr'><em>παράθες</em></span> <span class='ocrx_word' id='word_1_41' title='bbox 802 621 1024 688; x_wconf 77' lang='grc' dir='ltr'><em>τρίψας,</em></span> <span class='ocrx_word' id='word_1_42' title='bbox 1064 617 1167 671; x_wconf 77' lang='grc' dir='ltr'><em>κᾶν</em></span> <span class='ocrx_word' id='word_1_43' title='bbox 1209 619 1342 671; x_wconf 79' lang='grc' dir='ltr'><em>ἄλλο</em></span> <span class='ocrx_word' id='word_1_44' title='bbox 1381 637 1433 671; x_wconf 84' lang='grc' dir='ltr'><em>τι</em></span> <span class='ocrx_word' id='word_1_45' title='bbox 1471 619 1694 688; x_wconf 68' lang='grc' dir='ltr'><em>χρῄζῃς,</em></span> 
     </span>
    </p>
   </div>
   <div class='ocr_carea' id='block_1_5' title="bbox 21 1059 163 1093">
    <p class='ocr_par' dir='ltr' id='par_1_7' title="bbox 21 1059 163 1093">
     <span class='ocr_line' id='line_1_8' title="bbox 21 1059 163 1093; baseline 0 -2"><span class='ocrx_word' id='word_1_46' title='bbox 21 1059 163 1093; x_wconf 87' lang='lat' dir='ltr'>XXIII</span> 
     </span>
    </p>
   </div>
   <div class='ocr_carea' id='block_1_6' title="bbox 206 699 1784 954">
    <p class='ocr_par' dir='ltr' id='par_1_8' title="bbox 206 699 1784 954">
     <span class='ocr_line' id='line_1_9' title="bbox 209 699 1653 778; baseline 0 -19"><span class='ocrx_word' id='word_1_47' title='bbox 209 709 376 775; x_wconf 76' lang='grc' dir='ltr'><em>δριμὺ</em></span> <span class='ocrx_word' id='word_1_48' title='bbox 417 706 552 769; x_wconf 75' lang='grc' dir='ltr'><em>διεὶς</em></span> <span class='ocrx_word' id='word_1_49' title='bbox 591 706 740 770; x_wconf 77' lang='grc' dir='ltr'><em>ὅξος·</em></span> <span class='ocrx_word' id='word_1_50' title='bbox 778 699 896 778; x_wconf 75' lang='grc' dir='ltr'><em>κᾷτ’</em></span> <span class='ocrx_word' id='word_1_51' title='bbox 937 702 1162 776; x_wconf 83' lang='grc' dir='ltr'><em>ἔμβαπτ’</em></span> <span class='ocrx_word' id='word_1_52' title='bbox 1200 702 1262 759; x_wconf 79' lang='grc' dir='ltr'><em>εὖ</em></span> <span class='ocrx_word' id='word_1_53' title='bbox 1301 705 1392 759; x_wconf 87' lang='grc' dir='ltr'><em>καὶ</em></span> <span class='ocrx_word' id='word_1_54' title='bbox 1432 707 1653 775; x_wconf 80' lang='grc' dir='ltr'><em>ἐπείγου</em></span> 
     </span>
     <span class='ocr_line' id='line_1_10' title="bbox 207 797 1660 865; baseline 0.001 -17"><span class='ocrx_word' id='word_1_55' title='bbox 207 798 406 863; x_wconf 81' lang='grc' dir='ltr'><em>οὕτως,</em></span> <span class='ocrx_word' id='word_1_56' title='bbox 447 797 520 859; x_wconf 82' lang='grc' dir='ltr'><em>ὡς</em></span> <span class='ocrx_word' id='word_1_57' title='bbox 557 800 859 864; x_wconf 82' lang='grc' dir='ltr'><em>πνίγεσθαι</em></span> <span class='ocrx_word' id='word_1_58' title='bbox 898 797 1006 850; x_wconf 86' lang='grc' dir='ltr'><em>ὑπὸ</em></span> <span class='ocrx_word' id='word_1_59' title='bbox 1047 798 1293 865; x_wconf 80' lang='grc' dir='ltr'><em>σπουδῆς</em></span> <span class='ocrx_word' id='word_1_60' title='bbox 1331 800 1660 850; x_wconf 84' lang='grc' dir='ltr'><em>καταπίνων.</em></span> 
     </span>
     <span class='ocr_line' id='line_1_11' title="bbox 206 880 1784 954; baseline 0.001 -18"><span class='ocrx_word' id='word_1_61' title='bbox 206 886 306 953; x_wconf 83' lang='grc' dir='ltr'><em>τὴν</em></span> <span class='ocrx_word' id='word_1_62' title='bbox 346 886 551 954; x_wconf 84' lang='grc' dir='ltr'><em>λοφιὴν</em></span> <span class='ocrx_word' id='word_1_63' title='bbox 592 880 641 937; x_wconf 80' lang='grc' dir='ltr'><em>δ’</em></span> <span class='ocrx_word' id='word_1_64' title='bbox 680 885 855 937; x_wconf 81' lang='grc' dir='ltr'><em>ὀπτᾶν</em></span> <span class='ocrx_word' id='word_1_65' title='bbox 896 885 1062 954; x_wconf 80' lang='grc' dir='ltr'><em>αὐτῆς</em></span> <span class='ocrx_word' id='word_1_66' title='bbox 1100 884 1192 939; x_wconf 89' lang='grc' dir='ltr'><em>καὶ</em></span> <span class='ocrx_word' id='word_1_67' title='bbox 1230 881 1402 938; x_wconf 79' lang='grc' dir='ltr'><em>τᾶλλα</em></span> <span class='ocrx_word' id='word_1_68' title='bbox 1441 886 1507 937; x_wconf 82' lang='grc' dir='ltr'><em>τὰ</em></span> <span class='ocrx_word' id='word_1_69' title='bbox 1546 889 1784 937; x_wconf 80' lang='grc' dir='ltr'><em>πλεῖστα.</em></span> 
     </span>
    </p>
   </div>
   <div class='ocr_carea' id='block_1_7' title="bbox 201 1045 1672 1295">
    <p class='ocr_par' dir='ltr' id='par_1_9' title="bbox 201 1045 1672 1295">
     <span class='ocr_line' id='line_1_12' title="bbox 207 1045 1527 1117; baseline 0.001 -18"><span class='ocrx_word' id='word_1_70' title='bbox 207 1047 267 1100; x_wconf 83' lang='grc' dir='ltr'><em>ἐν</em></span> <span class='ocrx_word' id='word_1_71' title='bbox 310 1045 369 1099; x_wconf 76' lang='grc' dir='ltr'><em>δὲ</em></span> <span class='ocrx_word' id='word_1_72' title='bbox 417 1050 751 1115; x_wconf 85' lang='grc' dir='ltr'><em>Τορωναίων</em></span> <span class='ocrx_word' id='word_1_73' title='bbox 790 1049 941 1099; x_wconf 77' lang='grc' dir='ltr'><em>ἄστει</em></span> <span class='ocrx_word' id='word_1_74' title='bbox 979 1055 1079 1099; x_wconf 89' lang='grc' dir='ltr'><em>τοῦ</em></span> <span class='ocrx_word' id='word_1_75' title='bbox 1118 1050 1388 1117; x_wconf 86' lang='grc' dir='ltr'><em>καρχαρία</em></span> <span class='ocrx_word' id='word_1_76' title='bbox 1427 1050 1527 1116; x_wconf 82' lang='grc' dir='ltr'><em>χρὴ</em></span> 
     </span>
     <span class='ocr_line' id='line_1_13' title="bbox 201 1136 1672 1205; baseline 0 -17"><span class='ocrx_word' id='word_1_77' title='bbox 201 1143 301 1189; x_wconf 84' lang='grc' dir='ltr'><em>τοῦ</em></span> <span class='ocrx_word' id='word_1_78' title='bbox 342 1138 507 1199; x_wconf 89' lang='grc' dir='ltr'><em>κυνὸς</em></span> <span class='ocrx_word' id='word_1_79' title='bbox 547 1137 788 1199; x_wconf 83' lang='grc' dir='ltr'><em>ὀψωνεῖν</em></span> <span class='ocrx_word' id='word_1_80' title='bbox 827 1136 1170 1205; x_wconf 77' lang='grc' dir='ltr'><em>ὑπογάστρια</em></span> <span class='ocrx_word' id='word_1_81' title='bbox 1209 1140 1368 1188; x_wconf 82' lang='grc' dir='ltr'><em>κοῖλα</em></span> <span class='ocrx_word' id='word_1_82' title='bbox 1407 1136 1672 1188; x_wconf 75' lang='grc' dir='ltr'><em>κάτωθεν.</em></span> 
     </span>
     <span class='ocr_line' id='line_1_14' title="bbox 203 1221 1668 1295; baseline -0.001 -18"><span class='ocrx_word' id='word_1_83' title='bbox 203 1221 317 1277; x_wconf 80' lang='grc' dir='ltr'><em>εἶτα</em></span> <span class='ocrx_word' id='word_1_84' title='bbox 357 1227 569 1295; x_wconf 76' lang='grc' dir='ltr'><em>κυμίνῳ</em></span> <span class='ocrx_word' id='word_1_85' title='bbox 610 1225 787 1277; x_wconf 75' lang='grc' dir='ltr'><em>πάντα</em></span> <span class='ocrx_word' id='word_1_86' title='bbox 827 1223 1005 1286; x_wconf 78' lang='grc' dir='ltr'><em>πάσας</em></span> <span class='ocrx_word' id='word_1_87' title='bbox 1043 1222 1132 1276; x_wconf 82' lang='grc' dir='ltr'><em>ἁλὶ</em></span> <span class='ocrx_word' id='word_1_88' title='bbox 1173 1224 1245 1292; x_wconf 84' lang='grc' dir='ltr'><em>μὴ</em></span> <span class='ocrx_word' id='word_1_89' title='bbox 1290 1231 1474 1295; x_wconf 76' lang='grc' dir='ltr'><em>συχνῷ</em></span> <span class='ocrx_word' id='word_1_90' title='bbox 1517 1225 1668 1276; x_wconf 82' lang='grc' dir='ltr'><em>ὄπτα.</em></span> 
     </span>
    </p>
   </div>
   <div class='ocr_carea' id='block_1_8' title="bbox 893 1464 1209 1499">
    <p class='ocr_par' dir='ltr' id='par_1_10' title="bbox 893 1464 1209 1499">
     <span class='ocr_line' id='line_1_15' title="bbox 893 1464 1209 1499; baseline 0.003 -2"><span class='ocrx_word' id='word_1_91' title='bbox 893 1464 985 1498; x_wconf 81' lang='lat' dir='ltr'><em>TES</em></span> <span class='ocrx_word' id='word_1_92' title='bbox 992 1466 1209 1499; x_wconf 83' lang='lat' dir='ltr'>TIMONIA</span> 
     </span>
    </p>
   </div>
   <div class='ocr_carea' id='block_1_9' title="bbox 197 1548 1895 2364">
    <p class='ocr_par' dir='ltr' id='par_1_11' title="bbox 201 1548 1895 1784">
     <span class='ocr_line' id='line_1_16' title="bbox 313 1548 1895 1616; baseline 0.001 -16"><span class='ocrx_word' id='word_1_93' title='bbox 313 1554 455 1601; x_wconf 87' lang='lat' dir='ltr'>XXII</span> <span class='ocrx_word' id='word_1_94' title='bbox 517 1554 636 1602; x_wconf 78' lang='lat' dir='ltr'><em>Ath.</em></span> <span class='ocrx_word' id='word_1_95' title='bbox 675 1553 774 1601; x_wconf 89' lang='lat' dir='ltr'><em>VII</em></span> <span class='ocrx_word' id='word_1_96' title='bbox 817 1554 979 1602; x_wconf 82' lang='lat' dir='ltr'><strong>326f:</strong></span> <span class='ocrx_word' id='word_1_97' title='bbox 1028 1548 1096 1602; x_wconf 72' lang='lat' dir='ltr'><strong><em>’A</em></strong></span> <span class='ocrx_word' id='word_1_98' title='bbox 1138 1549 1182 1601; x_wconf 75' lang='grc' dir='ltr'><em>δ’</em></span> <span class='ocrx_word' id='word_1_99' title='bbox 1227 1550 1253 1602; x_wconf 85' lang='grc' dir='ltr'><em>ὅ</em></span> <span class='ocrx_word' id='word_1_100' title='bbox 1301 1551 1636 1616; x_wconf 77' lang='grc' dir='ltr'><em>ὀψοδαίδαλος</em></span> <span class='ocrx_word' id='word_1_101' title='bbox 1684 1552 1783 1602; x_wconf 76' lang='grc' dir='ltr'><em>«ἐν</em></span> <span class='ocrx_word' id='word_1_102' title='bbox 1821 1581 1895 1588; x_wconf 91' lang='grc'>-</span> 
     </span>
     <span class='ocr_line' id='line_1_17' title="bbox 201 1631 1894 1699; baseline 0.001 -17"><span class='ocrx_word' id='word_1_103' title='bbox 201 1638 496 1682; x_wconf 78' lang='grc' dir='ltr'><em>πλεῖστα».</em></span> <span class='ocrx_word' id='word_1_104' title='bbox 574 1635 804 1682; x_wconf 76' lang='lat' dir='ltr'><strong>Eustath.</strong></span> <span class='ocrx_word' id='word_1_105' title='bbox 850 1636 1016 1695; x_wconf 81' lang='lat'><strong><em>1872,</em></strong></span> <span class='ocrx_word' id='word_1_106' title='bbox 1058 1637 1147 1683; x_wconf 83' lang='lat'><em>10:</em></span> <span class='ocrx_word' id='word_1_107' title='bbox 1205 1634 1358 1698; x_wconf 79' lang='grc' dir='ltr'><em>δῆλον</em></span> <span class='ocrx_word' id='word_1_108' title='bbox 1407 1631 1458 1682; x_wconf 80' lang='grc' dir='ltr'><em>δὲ</em></span> <span class='ocrx_word' id='word_1_109' title='bbox 1506 1634 1578 1683; x_wconf 80' lang='grc' dir='ltr'><em>ὅτι</em></span> <span class='ocrx_word' id='word_1_110' title='bbox 1616 1633 1696 1683; x_wconf 82' lang='grc' dir='ltr'><em>καὶ</em></span> <span class='ocrx_word' id='word_1_111' title='bbox 1737 1631 1894 1699; x_wconf 77' lang='grc' dir='ltr'><em>ὄνομα</em></span> 
     </span>
     <span class='ocr_line' id='line_1_18' title="bbox 203 1709 1553 1784; baseline -0.001 -21"><span class='ocrx_word' id='word_1_112' title='bbox 203 1714 396 1780; x_wconf 84' lang='grc' dir='ltr'><em>ἰχθύων</em></span> <span class='ocrx_word' id='word_1_113' title='bbox 433 1714 534 1778; x_wconf 70' lang='grc' dir='ltr'><em>ὕες,</em></span> <span class='ocrx_word' id='word_1_114' title='bbox 575 1709 683 1764; x_wconf 81' lang='grc' dir='ltr'><em>οἷον</em></span> <span class='ocrx_word' id='word_1_115' title='bbox 722 1713 820 1764; x_wconf 74' lang='grc' dir='ltr'><em>«ἐν</em></span> <span class='ocrx_word' id='word_1_116' title='bbox 861 1711 906 1764; x_wconf 81' lang='grc' dir='ltr'><em>δ’</em></span> <span class='ocrx_word' id='word_1_117' title='bbox 943 1715 1106 1784; x_wconf 79' lang='grc' dir='ltr'><em>Αἴνῳ</em></span> <span class='ocrx_word' id='word_1_118' title='bbox 1138 1742 1211 1748; x_wconf 95' lang='grc'>-</span> <span class='ocrx_word' id='word_1_119' title='bbox 1243 1711 1553 1779; x_wconf 77' lang='grc' dir='ltr'><em>ὀρυκτήν».</em></span> 
     </span>
    </p>

    <p class='ocr_par' dir='ltr' id='par_1_12' title="bbox 197 1809 1893 2364">
     <span class='ocr_line' id='line_1_19' title="bbox 315 1809 1893 1876; baseline 0 -17"><span class='ocrx_word' id='word_1_120' title='bbox 315 1812 484 1876; x_wconf 82' lang='lat' dir='ltr'>XXIII</span> <span class='ocrx_word' id='word_1_121' title='bbox 545 1812 662 1861; x_wconf 88' lang='lat' dir='ltr'><em>Ath.</em></span> <span class='ocrx_word' id='word_1_122' title='bbox 706 1809 803 1859; x_wconf 91' lang='lat' dir='ltr'><em>VII</em></span> <span class='ocrx_word' id='word_1_123' title='bbox 845 1814 972 1861; x_wconf 82' lang='lat'>310:</span> <span class='ocrx_word' id='word_1_124' title='bbox 1028 1810 1165 1860; x_wconf 86' lang='grc' dir='ltr'><em>κύων</em></span> <span class='ocrx_word' id='word_1_125' title='bbox 1210 1811 1486 1876; x_wconf 87' lang='grc' dir='ltr'><em>καρχαρίας.</em></span> <span class='ocrx_word' id='word_1_126' title='bbox 1550 1809 1660 1875; x_wconf 83' lang='grc' dir='ltr'><em>περὶ</em></span> <span class='ocrx_word' id='word_1_127' title='bbox 1705 1810 1893 1860; x_wconf 86' lang='grc' dir='ltr'><em>τούτων</em></span> 
     </span>
     <span class='ocr_line' id='line_1_20' title="bbox 200 1888 1886 1958; baseline 0.001 -18"><span class='ocrx_word' id='word_1_128' title='bbox 200 1890 354 1956; x_wconf 85' lang='grc' dir='ltr'><em>φησὶν</em></span> <span class='ocrx_word' id='word_1_129' title='bbox 387 1888 456 1940; x_wconf 89' lang='lat' dir='ltr'><em>’A.</em></span> <span class='ocrx_word' id='word_1_130' title='bbox 499 1889 525 1940; x_wconf 84' lang='grc' dir='ltr'><em>ὅ</em></span> <span class='ocrx_word' id='word_1_131' title='bbox 564 1898 662 1941; x_wconf 81' lang='grc' dir='ltr'><em>τῶν</em></span> <span class='ocrx_word' id='word_1_132' title='bbox 701 1889 982 1958; x_wconf 81' lang='grc' dir='ltr'><em>ὀψοφάγων</em></span> <span class='ocrx_word' id='word_1_133' title='bbox 1012 1888 1243 1951; x_wconf 47' lang='grc' dir='ltr'><em>(Ησίοδος</em></span> <span class='ocrx_word' id='word_1_134' title='bbox 1289 1888 1323 1955; x_wconf 72' lang='grc' dir='ltr'><strong>ἢ</strong></span> <span class='ocrx_word' id='word_1_135' title='bbox 1366 1888 1569 1956; x_wconf 82' lang='grc' dir='ltr'><em>Θέογνις</em></span> <span class='ocrx_word' id='word_1_136' title='bbox 1607 1928 1619 1940; x_wconf 90' lang='grc'><strong>.</strong></span> <span class='ocrx_word' id='word_1_137' title='bbox 1646 1928 1658 1940; x_wconf 89' lang='grc'><strong>.</strong></span> <span class='ocrx_word' id='word_1_138' title='bbox 1685 1933 1693 1941; x_wconf 91' lang='grc'><strong>.</strong></span> <span class='ocrx_word' id='word_1_139' title='bbox 1720 1929 1731 1940; x_wconf 93' lang='grc'>.</span> <span class='ocrx_word' id='word_1_140' title='bbox 1774 1890 1799 1941; x_wconf 87' lang='grc' dir='ltr'>ὁ</span> <span class='ocrx_word' id='word_1_141' title='bbox 1839 1888 1886 1942; x_wconf 81' lang='grc' dir='ltr'><em>δ’</em></span> 
     </span>
     <span class='ocr_line' id='line_1_21' title="bbox 203 1967 1889 2036; baseline -0.001 -14"><span class='ocrx_word' id='word_1_142' title='bbox 203 1967 296 2022; x_wconf 71' lang='grc' dir='ltr'><em>οὖν</em></span> <span class='ocrx_word' id='word_1_143' title='bbox 328 1969 396 2021; x_wconf 89' lang='lat' dir='ltr'><em>&#39;A.</em></span> <span class='ocrx_word' id='word_1_144' title='bbox 438 1971 491 2021; x_wconf 80' lang='grc' dir='ltr'><em>ἐν</em></span> <span class='ocrx_word' id='word_1_145' title='bbox 518 1977 622 2031; x_wconf 85' lang='grc' dir='ltr'><em>ταῖς</em></span> <span class='ocrx_word' id='word_1_146' title='bbox 660 1976 832 2031; x_wconf 82' lang='grc' dir='ltr'><em>καλαῖς</em></span> <span class='ocrx_word' id='word_1_147' title='bbox 869 1972 1067 2031; x_wconf 85' lang='grc' dir='ltr'><em>ταύταις</em></span> <span class='ocrx_word' id='word_1_148' title='bbox 1097 1971 1383 2036; x_wconf 79' lang='grc' dir='ltr'><em>ὑποθήκαις</em></span> <span class='ocrx_word' id='word_1_149' title='bbox 1421 1977 1658 2036; x_wconf 84' lang='grc' dir='ltr'><em>παραινεῖ</em></span> <span class='ocrx_word' id='word_1_150' title='bbox 1689 1971 1787 2022; x_wconf 82' lang='grc' dir='ltr'><em>&lt;&lt;ἕν</em></span> <span class='ocrx_word' id='word_1_151' title='bbox 1820 2001 1889 2007; x_wconf 93' lang='grc'><strong>-</strong></span> 
     </span>
     <span class='ocr_line' id='line_1_22' title="bbox 198 2047 1891 2122; baseline 0.001 -20"><span class='ocrx_word' id='word_1_152' title='bbox 198 2053 565 2122; x_wconf 71' lang='grc' dir='ltr'><em>περικύρσῃ»</em></span> <span class='ocrx_word' id='word_1_153' title='bbox 593 2049 839 2121; x_wconf 84' lang='lat'>(1-17).</span> <span class='ocrx_word' id='word_1_154' title='bbox 894 2055 1012 2104; x_wconf 83' lang='lat' dir='ltr'><em>Ath.</em></span> <span class='ocrx_word' id='word_1_155' title='bbox 1037 2054 1110 2102; x_wconf 91' lang='lat' dir='ltr'>IV</span> <span class='ocrx_word' id='word_1_156' title='bbox 1138 2057 1298 2103; x_wconf 80' lang='lat'><strong>1630:</strong></span> <span class='ocrx_word' id='word_1_157' title='bbox 1333 2049 1399 2102; x_wconf 77' lang='grc' dir='ltr'><em>Ἀ.</em></span> <span class='ocrx_word' id='word_1_158' title='bbox 1435 2051 1505 2116; x_wconf 81' lang='grc' dir='ltr'><em>δέ,</em></span> <span class='ocrx_word' id='word_1_159' title='bbox 1530 2047 1582 2102; x_wconf 72' lang='grc' dir='ltr'><em>ὦ</em></span> <span class='ocrx_word' id='word_1_160' title='bbox 1615 2053 1891 2118; x_wconf 83' lang='grc' dir='ltr'><em>Κύνουλκε,</em></span> 
     </span>
     <span class='ocr_line' id='line_1_23' title="bbox 200 2131 1892 2200; baseline 0.001 -18"><span class='ocrx_word' id='word_1_161' title='bbox 200 2131 260 2183; x_wconf 79' lang='grc' dir='ltr'><em>ὃν</em></span> <span class='ocrx_word' id='word_1_162' title='bbox 292 2133 402 2183; x_wconf 78' lang='grc' dir='ltr'><em>ἀντὶ</em></span> <span class='ocrx_word' id='word_1_163' title='bbox 431 2142 519 2183; x_wconf 84' lang='grc' dir='ltr'><em>τοῦ</em></span> <span class='ocrx_word' id='word_1_164' title='bbox 544 2131 762 2200; x_wconf 79' lang='grc' dir='ltr'><em>Ὁμήρου</em></span> <span class='ocrx_word' id='word_1_165' title='bbox 801 2139 1096 2200; x_wconf 84' lang='grc' dir='ltr'><em>προσκυνεῖς</em></span> <span class='ocrx_word' id='word_1_166' title='bbox 1136 2132 1218 2182; x_wconf 79' lang='grc' dir='ltr'><em>διὰ</em></span> <span class='ocrx_word' id='word_1_167' title='bbox 1255 2131 1346 2196; x_wconf 80' lang='grc' dir='ltr'><em>τὴν</em></span> <span class='ocrx_word' id='word_1_168' title='bbox 1383 2132 1591 2200; x_wconf 81' lang='grc' dir='ltr'><em>γαστέρα</em></span> <span class='ocrx_word' id='word_1_169' title='bbox 1631 2171 1743 2198; x_wconf 87' lang='grc'><em>...,</em></span> <span class='ocrx_word' id='word_1_170' title='bbox 1781 2133 1892 2199; x_wconf 86' lang='grc' dir='ltr'><em>περὶ</em></span> 
     </span>
     <span class='ocr_line' id='line_1_24' title="bbox 197 2212 1886 2281; baseline 0 -17"><span class='ocrx_word' id='word_1_171' title='bbox 197 2222 285 2266; x_wconf 84' lang='grc' dir='ltr'><em>τοῦ</em></span> <span class='ocrx_word' id='word_1_172' title='bbox 327 2214 478 2275; x_wconf 82' lang='grc' dir='ltr'><em>κυνὸς</em></span> <span class='ocrx_word' id='word_1_173' title='bbox 515 2222 603 2265; x_wconf 84' lang='grc' dir='ltr'><em>τοῦ</em></span> <span class='ocrx_word' id='word_1_174' title='bbox 642 2216 909 2266; x_wconf 85' lang='grc' dir='ltr'><em>θαλαττίου</em></span> <span class='ocrx_word' id='word_1_175' title='bbox 950 2215 1157 2281; x_wconf 82' lang='grc' dir='ltr'><em>ἱστορῶν</em></span> <span class='ocrx_word' id='word_1_176' title='bbox 1195 2214 1375 2281; x_wconf 81' lang='grc' dir='ltr'><em>γράφει</em></span> <span class='ocrx_word' id='word_1_177' title='bbox 1411 2213 1494 2264; x_wconf 83' lang='grc' dir='ltr'><em>καὶ</em></span> <span class='ocrx_word' id='word_1_178' title='bbox 1532 2221 1682 2264; x_wconf 82' lang='grc' dir='ltr'><em>ταῦτα</em></span> <span class='ocrx_word' id='word_1_179' title='bbox 1732 2212 1886 2264; x_wconf 69' lang='grc' dir='ltr'><em>«ἀλλ’</em></span> 
     </span>
     <span class='ocr_line' id='line_1_25' title="bbox 198 2291 1206 2364; baseline 0 -18"><span class='ocrx_word' id='word_1_180' title='bbox 198 2295 266 2346; x_wconf 79' lang='grc' dir='ltr'><em>οὐ</em></span> <span class='ocrx_word' id='word_1_181' title='bbox 299 2324 370 2331; x_wconf 93' lang='grc'><em>--</em></span> <span class='ocrx_word' id='word_1_182' title='bbox 401 2297 877 2362; x_wconf 74' lang='grc' dir='ltr'><em>πυθαγορίζειν»</em></span> <span class='ocrx_word' id='word_1_183' title='bbox 920 2291 1206 2364; x_wconf 85' lang='grc'><em>(13-20).</em></span> 
     </span>
    </p>
   </div>
   <div class='ocr_carea' id='block_1_10' title="bbox 759 2523 1323 2558">
    <p class='ocr_par' dir='ltr' id='par_1_13' title="bbox 759 2523 1323 2558">
     <span class='ocr_line' id='line_1_26' title="bbox 759 2523 1323 2558; baseline 0.004 -2"><span class='ocrx_word' id='word_1_184' title='bbox 759 2523 1011 2558; x_wconf 75' lang='lat' dir='ltr'><em>VARIETAS</em></span> <span class='ocrx_word' id='word_1_185' title='bbox 1051 2525 1323 2558; x_wconf 81' lang='lat' dir='ltr'>LECTIONIS</span> 
     </span>
    </p>
   </div>
   <div class='ocr_carea' id='block_1_11' title="bbox 198 2604 1889 2864">
    <p class='ocr_par' dir='ltr' id='par_1_14' title="bbox 198 2604 1889 2864">
     <span class='ocr_line' id='line_1_27' title="bbox 315 2604 1889 2662; baseline 0 -11"><span class='ocrx_word' id='word_1_186' title='bbox 315 2606 447 2651; x_wconf 89' lang='lat' dir='ltr'>XXII</span> <span class='ocrx_word' id='word_1_187' title='bbox 485 2611 511 2650; x_wconf 88' lang='lat'><strong>3</strong></span> <span class='ocrx_word' id='word_1_188' title='bbox 543 2606 710 2650; x_wconf 82' lang='grc' dir='ltr'><em>τούτου</em></span> <span class='ocrx_word' id='word_1_189' title='bbox 739 2605 896 2662; x_wconf 83' lang='lat' dir='ltr'>vulgo,</span> <span class='ocrx_word' id='word_1_190' title='bbox 928 2605 1098 2662; x_wconf 79' lang='grc' dir='ltr'><em>ταύτης</em></span> <span class='ocrx_word' id='word_1_191' title='bbox 1120 2604 1348 2661; x_wconf 80' lang='lat' dir='ltr'>Ribbeck,</span> <span class='ocrx_word' id='word_1_192' title='bbox 1380 2604 1527 2662; x_wconf 83' lang='grc' dir='ltr'><em>αὐτὰρ</em></span> <span class='ocrx_word' id='word_1_193' title='bbox 1553 2604 1889 2651; x_wconf 84' lang='lat' dir='ltr'><strong>Stadtmueller</strong></span> 
     </span>
     <span class='ocr_line' id='line_1_28' title="bbox 201 2668 1886 2731; baseline -0.001 -12"><span class='ocrx_word' id='word_1_194' title='bbox 201 2673 309 2731; x_wconf 78' lang='grc' dir='ltr'><em>ἕψει</em></span> <span class='ocrx_word' id='word_1_195' title='bbox 338 2673 398 2729; x_wconf 98' lang='lat' dir='ltr'><strong><em>A,</em></strong></span> <span class='ocrx_word' id='word_1_196' title='bbox 433 2686 548 2718; x_wconf 83' lang='lat' dir='ltr'><strong>corr.</strong></span> <span class='ocrx_word' id='word_1_197' title='bbox 572 2671 774 2717; x_wconf 87' lang='lat' dir='ltr'>Dindorf</span> <span class='ocrx_word' id='word_1_198' title='bbox 859 2677 887 2716; x_wconf 90' lang='lat'>4</span> <span class='ocrx_word' id='word_1_199' title='bbox 919 2668 967 2723; x_wconf 80' lang='grc' dir='ltr'><em>ἐς</em></span> <span class='ocrx_word' id='word_1_200' title='bbox 997 2670 1142 2728; x_wconf 83' lang='grc' dir='ltr'><em>μόνον</em></span> <span class='ocrx_word' id='word_1_201' title='bbox 1173 2670 1298 2730; x_wconf 71' lang='grc' dir='ltr'><em>ὕδωρ</em></span> <span class='ocrx_word' id='word_1_202' title='bbox 1324 2672 1382 2728; x_wconf 91' lang='lat' dir='ltr'><strong><em>A,</em></strong></span> <span class='ocrx_word' id='word_1_203' title='bbox 1413 2673 1702 2728; x_wconf 72' lang='lat' dir='ltr'><strong>transposuit</strong></span> <span class='ocrx_word' id='word_1_204' title='bbox 1725 2671 1886 2717; x_wconf 85' lang='lat' dir='ltr'>Naeke</span> 
     </span>
     <span class='ocr_line' id='line_1_29' title="bbox 198 2734 1886 2798; baseline -0.002 -13"><span class='ocrx_word' id='word_1_205' title='bbox 198 2742 367 2786; x_wconf 80' lang='grc' dir='ltr'><em>κείνων</em></span> <span class='ocrx_word' id='word_1_206' title='bbox 390 2741 448 2795; x_wconf 87' lang='lat' dir='ltr'><em>A,</em></span> <span class='ocrx_word' id='word_1_207' title='bbox 487 2753 600 2784; x_wconf 85' lang='lat' dir='ltr'><strong>corr.</strong></span> <span class='ocrx_word' id='word_1_208' title='bbox 622 2739 662 2784; x_wconf 84' lang='grc' dir='ltr'><em>Ο</em></span> <span class='ocrx_word' id='word_1_209' title='bbox 745 2744 771 2782; x_wconf 87' lang='grc'>6</span> <span class='ocrx_word' id='word_1_210' title='bbox 806 2734 1039 2798; x_wconf 78' lang='grc' dir='ltr'><em>ἐμβάπτευ</em></span> <span class='ocrx_word' id='word_1_211' title='bbox 1055 2739 1115 2793; x_wconf 91' lang='lat' dir='ltr'><strong><em>A,</em></strong></span> <span class='ocrx_word' id='word_1_212' title='bbox 1149 2737 1367 2782; x_wconf 72' lang='lat' dir='ltr'><strong>distinxit</strong></span> <span class='ocrx_word' id='word_1_213' title='bbox 1392 2737 1553 2782; x_wconf 81' lang='lat' dir='ltr'>Naeke</span> <span class='ocrx_word' id='word_1_214' title='bbox 1643 2742 1670 2782; x_wconf 91' lang='lat'>8</span> <span class='ocrx_word' id='word_1_215' title='bbox 1694 2737 1886 2794; x_wconf 75' lang='grc' dir='ltr'><em>λοφιὴνε</em></span> 
     </span>
     <span class='ocr_line' id='line_1_30' title="bbox 198 2801 1155 2864; baseline -0.004 -13"><span class='ocrx_word' id='word_1_216' title='bbox 198 2806 370 2864; x_wconf 79' lang='grc' dir='ltr'><em>λοφιὰν</em></span> <span class='ocrx_word' id='word_1_217' title='bbox 395 2807 440 2851; x_wconf 85' lang='grc' dir='ltr'><strong><em>Α</em></strong></span> <span class='ocrx_word' id='word_1_218' title='bbox 501 2805 644 2850; x_wconf 82' lang='grc' dir='ltr'><em>τᾶλλα</em></span> <span class='ocrx_word' id='word_1_219' title='bbox 674 2806 734 2861; x_wconf 92' lang='lat' dir='ltr'><strong><em>A,</em></strong></span> <span class='ocrx_word' id='word_1_220' title='bbox 766 2801 910 2849; x_wconf 81' lang='grc' dir='ltr'><em>τᾶλλα</em></span> <span class='ocrx_word' id='word_1_221' title='bbox 940 2803 1155 2848; x_wconf 81' lang='lat' dir='ltr'><strong>Meineke</strong></span> 
     </span>
    </p>
   </div>
   <div class='ocr_carea' id='block_1_12' title="bbox 194 2883 1888 3007">
    <p class='ocr_par' dir='ltr' id='par_1_15' title="bbox 194 2883 1888 3007">
     <span class='ocr_line' id='line_1_31' title="bbox 317 2883 1888 2943; baseline -0.001 -13"><span class='ocrx_word' id='word_1_222' title='bbox 317 2887 468 2930; x_wconf 87' lang='lat' dir='ltr'>XXIII</span> <span class='ocrx_word' id='word_1_223' title='bbox 514 2892 540 2931; x_wconf 84' lang='lat'><strong>3</strong></span> <span class='ocrx_word' id='word_1_224' title='bbox 577 2885 736 2931; x_wconf 79' lang='grc' dir='ltr'><em>πάντα</em></span> <span class='ocrx_word' id='word_1_225' title='bbox 766 2885 953 2943; x_wconf 79' lang='lat' dir='ltr'><strong>scripsi:</strong></span> <span class='ocrx_word' id='word_1_226' title='bbox 986 2885 1107 2930; x_wconf 79' lang='grc' dir='ltr'><em>αὐτὰ</em></span> <span class='ocrx_word' id='word_1_227' title='bbox 1137 2885 1198 2940; x_wconf 90' lang='lat' dir='ltr'><em>A,</em></span> <span class='ocrx_word' id='word_1_228' title='bbox 1235 2890 1383 2929; x_wconf 83' lang='grc' dir='ltr'><em>ταῦτα</em></span> <span class='ocrx_word' id='word_1_229' title='bbox 1413 2883 1643 2941; x_wconf 83' lang='lat' dir='ltr'><em>Meineke,</em></span> <span class='ocrx_word' id='word_1_230' title='bbox 1674 2885 1888 2941; x_wconf 82' lang='grc' dir='ltr'><em>κυμίνοις</em></span> 
     </span>
     <span class='ocr_line' id='line_1_32' title="bbox 194 2950 1361 3007; baseline -0.002 -9"><span class='ocrx_word' id='word_1_231' title='bbox 194 2951 371 2998; x_wconf 81' lang='lat' dir='ltr'>Kaibel</span> <span class='ocrx_word' id='word_1_232' title='bbox 402 2951 525 3007; x_wconf 83' lang='lat' dir='ltr'><strong>apud</strong></span> <span class='ocrx_word' id='word_1_233' title='bbox 555 2950 881 3007; x_wconf 83' lang='lat' dir='ltr'><strong>Ribbeckium,</strong></span> <span class='ocrx_word' id='word_1_234' title='bbox 913 2950 1016 2996; x_wconf 78' lang='grc' dir='ltr'><em>λιτὰ</em></span> <span class='ocrx_word' id='word_1_235' title='bbox 1045 2950 1361 2996; x_wconf 82' lang='lat' dir='ltr'><strong>Wilamowitz</strong></span> 
     </span>
    </p>
   </div>
   <div class='ocr_carea' id='block_1_13' title="bbox 1909 951 2038 3140">
    <p class='ocr_par' dir='ltr' id='par_1_16' title="bbox 1909 951 2038 3140">
     <span class='ocr_line' id='line_1_33' title="bbox 1909 951 2038 3140; baseline 0 0"><span class='ocrx_word' id='word_1_236' title='bbox 1909 951 2038 3140; x_wconf 95' lang='lat' dir='ltr'><em> </em></span> 
     </span>
    </p>
   </div>
  </div>
 </body>
</html>
