2038 3140
856 136 930 144 ——
1009 107 1077 159 74
1153 137 1226 144 -—
1626 127 1886 161 MATRONIS

200 241 245 294 δ’
291 242 418 294 ἐστὶν
458 242 510 292 ἐν
552 233 588 313 ᾧ
627 241 685 291 τὰ
723 243 1002 306 καλούμενα
1042 238 1113 312 ᾠὰ
1153 242 1335 308 μεγάλα
1375 241 1608 308 ἐγγίνεται
1646 241 1729 291 καὶ
1761 241 1883 292 ἐδώ-

196 326 331 390 διμα.
407 327 533 373 Vide
574 325 789 386 lepidam
829 325 1254 373 narratiunculam
1293 340 1368 386 ap.
1409 325 1527 373 Ath.
1559 325 1638 373 ΙΠ
1671 328 1736 374 91
1758 341 1783 374 6
1823 327 1884 374 de

199 407 393 456 Lacone
450 407 662 469 quodam
713 406 800 467 qui
845 407 980 454 illius
1030 406 1126 454 cibi
1169 405 1354 454 inscius
1404 407 1631 454 echinum
1681 405 1774 455 σὺν
1821 410 1887 476 τῷ

199 487 401 550 κελύφει
426 489 499 535 ori
522 487 837 550 imposuerit3
862 503 989 549 quae
1015 487 1308 548 simplicitas
1333 487 1550 535 Matroni
1575 490 1707 536 certe
1731 489 1890 550 impu»

198 570 298 616 tari
352 569 544 631 nequit:
604 569 786 616 abiecit
833 569 962 630 quod
1009 584 1108 616 non
1154 567 1325 631 magni
1369 568 1598 616 faciebat.
1684 569 1887 618 Dictum

198 651 331 698 enim
389 653 464 698 est
510 647 624 714 ῥῖψε
671 652 728 697 ut
782 665 858 711 ap.
907 649 1069 697 Laert.
1118 648 1261 712 Diog.
1309 649 1382 695 VI
1431 650 1496 697 55
1557 649 1615 696 de
1662 650 1888 712 Diogene

199 731 372 792 cynico
420 732 633 793 legimus
681 728 891 794 ἀριστῶν
937 728 1104 792 ἐλάας,
1158 732 1463 787 πλακοῦντος
1513 727 1887 794 εἰσενεχθέντος,

199 809 381 874 ῥίψας
427 810 601 873 φησίν·
650 803 865 877 ὦλξένε,
911 810 1171 875 τυράννοις
1220 808 1445 859 ἐκποδὼν
1485 810 1767 874 μεθίστασο,
1805 809 1888 860 καὶ

194 889 385 940 ἄλλοτε·
428 890 652 955 μάστιξεν
693 887 736 939 δ’
774 889 923 939 ἐλάαν
961 895 1137 939 notum
1175 892 1301 939 illud
1332 892 1637 940 homericum
1667 893 1889 954 ingenio-

198 973 391 1021 sissime
433 973 748 1035 detorquens,
818 972 955 1021 Sicut
992 988 1110 1022 vero
1145 973 1362 1035 'Diogeni
1398 974 1643 1036 placenta,
1681 974 1755 1022 ita
1785 973 1888 1022 Ma·

193 1055 329 1102 troni
375 1070 506 1116 apua
553 1070 678 1116 quae
717 1054 817 1101 iam
856 1053 1159 1101 afferebatur
1198 1047 1267 1119 (v.
1301 1047 1395 1120 22)
1438 1055 1632 1118 dignior
1669 1055 1778 1103 visa
1810 1057 1887 1103 est

195 1135 279 1182 cui
303 1151 505 1197 operam
531 1136 686 1183 daret.
747 1136 823 1182 Ex
854 1145 906 1183 V.
943 1130 1042 1198 20,
1085 1151 1230 1196 quem
1263 1151 1431 1198 unum,
1471 1139 1527 1183 ut
1558 1152 1688 1184 nunc
1720 1151 1799 1185 res
1833 1151 1885 1185 se

197 1216 364 1278 habet,
397 1217 560 1264 Matro
591 1216 802 1276 probum
834 1218 884 1263 et
914 1216 1168 1278 integrum
1199 1232 1258 1264 ex
1281 1216 1499 1264 Homero
1525 1217 1784 1280 excerpsit,
1816 1217 1888 1265 di-

194 1312 334 1346 scere
368 1297 592 1346 videmur
624 1297 906 1346 convivium
935 1297 987 1344 in
1018 1298 1125 1358 ipso
1156 1297 1308 1345 maris
1339 1297 1486 1346 litore
1517 1297 1673 1347 fuisse
1706 1292 1788 1362 (cf.
1822 1298 1887 1347 ad

194 1395 241 1428 v.
270 1371 422 1445 105);
455 1378 585 1441 quod
612 1378 744 1427 credi
766 1379 850 1428 vix
871 1379 1054 1440 potest,
1078 1377 1197 1426 licet
1219 1378 1334 1426 huic
1357 1378 1762 1440 interpretationi
1784 1395 1886 1428 non

194 1462 474 1522 repugnent
511 1459 666 1508 verba
704 1456 758 1506 ἐν
790 1453 1030 1521 Ἀθήναις
1070 1451 1140 1524 (v.
1175 1452 1247 1525 2),
1288 1459 1331 1507 si
1362 1475 1472 1507 cum
1505 1459 1886 1522 Schweighaeu-

191 1555 306 1590 sero
345 1556 501 1602 prope
539 1543 740 1601 portum
772 1554 947 1587 cenam
978 1543 1271 1602 apparatam
1300 1540 1456 1588 fuisse
1487 1540 1755 1589 statuimus
1789 1534 1887 1608 (sic

195 1621 552 1670 Archestratus
583 1621 643 1668 fr.
675 1620 746 1667 IX
785 1622 1050 1682 postquam
1091 1635 1272 1683 apuam
1311 1637 1506 1670 omnem
1537 1621 1684 1670 iussit
1714 1622 1887 1684 respui

189 1699 325 1764 πλὴν
370 1699 460 1764 τὴν
507 1699 560 1749 ἐν
601 1696 864 1764 Ἀθήναις,
910 1701 1141 1764 adiungit
1179 1702 1468 1763 capiendam
1505 1702 1647 1750 illam
1685 1717 1792 1751 esse
1831 1700 1886 1751 ἐν

195 1781 453 1832 εὐκόλποιο
507 1780 741 1846 Φαλήρου
788 1774 1044 1847 ἀγκῶσιν).
1127 1781 1282 1830 Recte
1329 1781 1460 1830 enim
1503 1781 1691 1830 iudicat
1735 1782 1884 1832 Paes-

194 1866 388 1913 sensius
426 1879 527 1912 non
563 1877 709 1925 posse
748 1850 949 1912 concedi
977 1862 1258 1911 Matronem
1297 1862 1420 1910 adeo
1462 1862 1556 1910 sibi
1587 1863 1753 1924 ipsum
1784 1879 1885 1912 non

190 1944 494 2006 constitisse,
526 1945 584 1992 ut
613 1959 813 1992 versum
842 1943 1147 1991 homericum
1177 1943 1519 2004 incorruptum
1549 1946 1881 2005 mutuaretur,

194 2041 356 2088 neque
372 2026 533 2087 magis
558 2025 681 2072 mihi
704 2026 882 2086 poetae
904 2024 1117 2072 facetiae
1140 2026 1197 2072 ut
1222 2024 1542 2071 oblitteratae
1566 2024 1880 2086 videbantur,

190 2107 268 2155 ita
296 2121 394 2168 quo
425 2105 572 2153 modo
604 2104 971 2166 recuperandae
1003 2107 1169 2153 essent
1198 2104 1433 2166 liquebat.
1488 2104 1633 2153 Nunc
1658 2105 1878 2154 subsidio

194 2187 333 2236 venit
356 2186 781 2249 WachsmuthiuS‚
814 2185 952 2234 cuius
984 2185 1139 2234 verba
1169 2185 1280 2247 ipsa
1310 2200 1578 2247 apponam:
1626 2181 1741 2234 ‘Die
1767 2185 1879 2235 See-

192 2268 298 2331 igel
341 2268 544 2316 werden
590 2267 772 2315 durchs
818 2266 1030 2316 Fenster
1084 2267 1174 2314 auf
1224 2266 1303 2314 die
1350 2265 1548 2314 Strasse
1603 2267 1880 2329 geworfen:

190 2349 310 2398 dort
348 2350 508 2396 sturzt
545 2347 652 2396 sich
682 2347 761 2395 die
794 2346 980 2395 Schaar
1010 2347 1099 2395 der
1130 2345 1492 2395 Gassenbuben
1523 2345 1738 2395 dariiber
1768 2348 1881 2410 her3

191 2429 286 2478 das
324 2428 450 2478 wird
487 2427 582 2476 mit
620 2427 734 2476 dem
770 2427 1003 2476 Branden
1042 2426 1131 2474 der
1161 2425 1358 2488 Wogen
1395 2441 1476 2473 am
1515 2425 1730 2475 Gestade
1770 2443 1880 2476 ver-

195 2509 415 2573 glichen:
448 2506 641 2571 κύματα
663 2505 862 2572 ἀνδρῶν
887 2508 988 2556 und
1013 2507 1212 2555 ahnlioh
1237 2509 1352 2570 sagt
1375 2523 1492 2555 man
1508 2506 1565 2567 ja
1589 2507 1715 2555 auch
1740 2511 1881 2557 sonst

193 2606 292 2639 von
325 2589 595 2652 Wogenden
626 2588 1104 2637 Menschenmassen.
1172 2587 1273 2635 Das
1305 2603 1443 2636 muse
1475 2589 1565 2636 der
1599 2587 1720 2636 Sinn
1750 2588 1879 2651 seim

192 2671 275 2718 die
291 2670 621 2732 Herstellung
637 2669 707 2717 ist
721 2663 1054 2718 zweifelhaft.'
1089 2662 1366 2734 (εἰλαπίνης
1383 2684 1422 2718 6.
1437 2684 1510 2732 gr.
1523 2668 1745 2730 positum
1763 2661 1877 2735 est.)
2010 2715 2027 2731 ‘-

195 2750 363 2799 Aliam
385 2754 502 2813 post
515 2749 954 2798 Wachsmuthium
975 2749 1110 2798 viam
1133 2749 1414 2813 ingreditur
1435 2747 1878 2798 Stadtmuellerus:
1915 2780 1920 2783 -

192 2827 251 2878 ἐν
290 2827 486 2899 δαπέδῳ
529 2824 636 2896 (vel
664 2822 955 2898 προθύρῳ),
1003 2827 1090 2877 ὅθι
1128 2823 1300 2893 λύματ’
1335 2823 1422 2877 ἀπ’
1457 2825 1585 2892 ἠίων
1621 2827 1880 2887 κλύζεσκεν
2019 2887 2022 2892 Ι

193 2904 304 2978 (vel
349 2904 434 2958 ἀπ’
475 2905 583 2978 ᾔων
620 2903 1030 2976 προσκλύζεσκεν)
1079 2905 1156 2958 ‘in
1195 2904 1328 2960 solo'
1369 2902 1475 2976 (vel
1514 2904 1654 2958 ‘ante
1693 2910 1824 2959 fores
1835 2905 1876 2976 ')
1999 2930 2038 3140 Α

2004 2983 2026 3017 ‚⁷4
