2038 3140
851 177 1176 219 -Χ-

163 306 469 355 rentianum
501 302 556 354 B
588 320 795 369 quoque
837 304 890 353 et
922 301 1227 353 Palatinum
1261 300 1313 352 P
1349 300 1582 370 adhibui,
1622 319 1753 370 quos
1788 319 1851 353 ex

165 391 422 443 Marciani
480 390 794 459 apographo
850 407 990 441 nunc
1047 388 1323 457 deperdito
1380 389 1677 458 descriptos
1735 407 1850 441 esse

163 479 274 530 iam
316 479 448 530 satis
490 481 717 530 constat.
783 476 861 529 De
902 478 1095 547 quibus
1136 477 1292 529 libris
1335 478 1582 530 omnibus
1615 478 1852 530 luculen-

162 567 371 619 tissime
413 566 708 635 disputavit
746 565 1022 618 Kaibelius
1062 565 1414 635 praefationis
1454 585 1502 634 p.
1536 565 1643 618 VII
1671 583 1783 634 sqq.

275 654 465 706 Restat
505 655 733 723 denique
774 659 834 706 ut
871 673 982 707 non
1023 673 1107 706 me
1140 655 1355 707 credere
1388 673 1636 707 moneam
1670 655 1851 706 omnia

163 761 241 794 me
294 743 579 813 collegisse
629 744 913 813 parodicae
960 745 1141 812 poesis
1192 744 1372 811 epicae
1420 743 1726 811 fragmenta
1773 761 1850 794 re-

163 831 546 884 conditioribus
595 832 651 884 in
700 831 942 884 fontibus
988 832 1286 899 latitantia,
1343 831 1542 884 afuisse
1592 835 1772 883 autem
1821 850 1851 884 a

165 919 390 971 consilio
431 937 548 972 meo
592 938 652 971 ea
694 937 981 988 congerere
1022 920 1193 972 facete
1228 919 1384 985 dicta,
1425 921 1615 988 quibus
1657 920 1780 972 inde
1820 939 1852 972 a

165 1006 398 1076 Cynicae
433 1011 608 1060 sectae
636 1008 969 1077 principibus
996 993 1237 1077 Diogene
1265 1011 1317 1059 et
1343 1007 1666 1060 Antisthene
1691 1009 1850 1060 multi

162 1098 313 1148 casta
353 1096 516 1148 verba
555 1097 695 1148 vatis
738 1097 903 1149 divini
943 1097 1285 1149 detorserunt
1326 1100 1485 1165 atque
1529 1097 1849 1162 polluerunt.

161 1181 308 1243 Quae
352 1183 495 1235 dicta
536 1185 580 1235 si
622 1185 835 1251 quando
870 1184 1096 1236 collecta
1130 1188 1302 1251 erunt,
1342 1202 1473 1252 quas
1506 1185 1850 1252 potissimum

161 1273 459 1323 carminum
506 1272 902 1324 homericorum
958 1276 1137 1340 partes
1196 1273 1428 1324 maxime
1475 1276 1682 1325 veteres
1730 1291 1851 1341 pro-

159 1359 406 1412 baverint
445 1360 747 1413 accuratius
779 1360 1083 1430 perspicere
1116 1360 1323 1413 licebit:
1364 1378 1499 1429 quae
1531 1361 1750 1428 parodis
1793 1364 1849 1413 et

160 1448 508 1517 sillographis
554 1449 899 1517 potissimum
953 1450 1211 1518 probatae
1267 1449 1496 1518 fuerint,
1552 1467 1615 1501 ex
1669 1449 1841 1502 indice

161 1554 319 1604 quem
368 1537 572 1589 subieci
619 1538 863 1590 locorum
906 1536 1130 1589 Homeri
1179 1538 1511 1591 detortorum
1560 1538 1646 1591 vel
1695 1555 1837 1590 usur-

157 1626 409 1691 patorum
449 1626 703 1693 cognosci
744 1626 958 1694 poterit.

274 1739 587 1794 Scribebam
629 1740 891 1795 Gladbaci
929 1743 1319 1796 Monachorum

323 1826 507 1882 mense
540 1829 682 1883 Maio
726 1849 769 1882 a.
795 1830 846 1883 h.
873 1849 912 1883 s.
943 1831 1275 1884 LXXXVIII
