2038 3140
131 298 268 350 libro
327 297 817 349 commemorantur
873 297 964 347 aut
1020 298 1162 346 certe
1212 298 1270 347 ut
1317 314 1656 348 communem
1707 295 1819 347 eius

135 386 392 438 materiae
434 384 712 436 scientiam
762 383 844 435 vel
886 383 1238 436 condiderunt
1288 385 1369 436 vel
1411 387 1695 447 auxerunt,
1744 385 1821 435 ita

132 473 266 525 mihi
301 490 510 541 quoque
535 471 591 524 in
616 490 676 524 eo
704 489 897 541 genere
925 475 1205 524 accuratae
1232 473 1558 541 cognitionis
1584 473 1821 541 rectique

131 561 316 614 iudicii
358 564 602 614 auctores
641 559 872 612 fuerunt.

247 648 460 701 Primus
517 648 781 701 Henricus
833 647 1135 715 Stephanus
1192 648 1246 699 in
1303 648 1670 701 illustrissimo
1727 649 1822 701 illo

133 738 317 790 libello
353 755 511 806 quem
546 737 821 805 inscripsit
849 733 1088 806 Ὁμήρου
1120 734 1210 788 καὶ
1234 732 1502 789 (Ησιόδου
1537 737 1687 805 ἀγὼν
1719 734 1823 788 κτὲ.

132 824 204 895 (a.
235 823 400 894 1573)
442 826 760 894 parodorum
795 824 1121 879 Graecorum
1161 825 1416 895 reliquias
1458 826 1709 895 colligere
1742 825 1824 876 in-

132 915 330 967 stituit.
417 914 499 966 Ex
545 915 611 966 iis
668 915 759 983 qui
815 918 1001 982 postea
1048 915 1199 983 poesi
1254 915 1534 981 parodicae
1588 915 1824 967 Graecae

135 1021 357 1073 operam
407 1003 693 1072 dederunt,
741 1006 952 1072 praeter
991 1002 1260 1055 Athenaei
1310 1003 1538 1056 editores
1586 1006 1639 1055 et
1687 1020 1827 1054 com-

133 1094 483 1160 ment-atores,
514 1091 760 1160 inprimis
794 1090 1364 1162 Schweighaeuserum
1399 1095 1454 1145 et
1486 1090 1827 1159 Meinekium‚

134 1180 365 1232 maxime
404 1179 619 1232 fuerunt
664 1180 989 1249 respiciendi
1030 1179 1344 1232 Welandius
1392 1180 1484 1232 ‘de
1524 1179 1827 1249 praecipuis

137 1268 479 1337 parodiarum
534 1268 927 1321 homericarum
983 1268 1334 1336 scriptoribus
1386 1269 1526 1338 apud
1574 1265 1827 1321 Graecos'

137 1355 380 1425 Gotting.
410 1357 568 1425 1833,
600 1355 941 1408 Ecksteinius
974 1357 1031 1408 in
1064 1356 1278 1410 Erschii
1311 1360 1363 1409 et
1398 1356 1627 1410 Gruberi
1651 1355 1828 1424 Eney-

135 1444 411 1512 clopaedia
451 1463 490 1496 s.
525 1463 572 1496 v.
613 1442 896 1511 ‘Parodie'‚
936 1444 1203 1498 Prellerus
1244 1446 1300 1497 in
1341 1444 1647 1498 Polemonis
1684 1443 1830 1495 Peri-

135 1538 324 1602 egetae
364 1532 683 1602 fragmentis
724 1530 799 1604 (p.
836 1533 904 1585 76
924 1531 1085 1604 sqq.),
1126 1533 1353 1603 denique
1395 1534 1528 1586 duae
1570 1533 1825 1585 disserta-

135 1622 310 1674 tiones
330 1621 645 1675 Monasterii
663 1621 853 1692 edit-ae,
878 1622 1105 1675 Peltzeri
1129 1622 1213 1675 ‘de
1231 1623 1485 1692 parodica
1503 1622 1828 1676 Graecorum

136 1710 287 1778 poesi
316 1712 369 1762 et
392 1709 456 1762 de
476 1709 833 1780 Hipponactis
852 1710 1184 1780 Hegemonis
1204 1709 1468 1764 Matronis
1486 1707 1830 1781 fragmentis'

137 1795 208 1869 (a.
254 1798 420 1866 1855)
460 1802 515 1850 et
555 1798 858 1853 Paessensii
900 1798 983 1852 ‘de
1023 1799 1288 1853 Matronis
1329 1799 1670 1869 parodiarum
1710 1798 1829 1850 reli-

137 1885 296 1955 quiis'
337 1884 408 1956 (a.
446 1886 625 1956 1856).
693 1887 842 1942 Nihil
885 1888 951 1941 ad
991 1890 1236 1941 nostram
1276 1888 1555 1941 materiam
1595 1886 1830 1956 pertinet

138 1973 440 2043 ‘specimen
500 1977 823 2029 litterarium
886 1978 1204 2046 inaugurale
1269 1977 1527 2029 exhibens
1590 1975 1830 2044 corporis

138 2063 834 2133 parodorum-Graecorum
874 2068 1081 2134 partem
1121 2064 1374 2135 primam'
1424 2065 1490 2117 ab
1525 2063 1591 2116 H.
1626 2062 1701 2117 St.
1742 2067 1831 2116 toe

143 2149 282 2202 Laer
311 2149 705 2204 Amstelodami
736 2171 781 2205 a.
818 2153 953 2206 1867
996 2152 1223 2222 editum3
1264 2171 1400 2222 quae
1440 2152 1738 2221 disputatio
1777 2151 1833 2203 in

141 2239 441 2291 tractandis
481 2240 808 2293 comicorum
847 2243 1064 2293 tantum
1103 2242 1235 2294 locis
1268 2241 1538 2309 parodicis
1573 2245 1832 2293 versatur.

256 2326 500 2396 Excepta
548 2326 1160 2398 Batrachomyomachia
1213 2329 1507 2398 homerica,
1564 2330 1627 2380 de
1683 2328 1832 2381 cuius

143 2414 295 2468 libris
328 2415 707 2486 manuscriptis
741 2435 834 2470 suo
868 2417 987 2471 loco
1019 2418 1286 2471 rationem
1317 2417 1536 2485 reddidi,
1572 2419 1690 2471 tota
1722 2415 1832 2469 fere

142 2502 303 2556 huius
337 2500 580 2556 fasciculi
612 2505 838 2557 materia
869 2522 935 2557 ex
966 2523 1074 2558 uno
1104 2503 1386 2558 Athenaeo
1419 2505 1705 2574 desumpta
1735 2507 1832 2557 est.

147 2593 326 2660 Atque
373 2591 571 2644 codicis
619 2590 880 2645 Marciani
926 2593 980 2645 A
1028 2594 1324 2663 scripturas
1376 2593 1662 2663 diligenter
1707 2609 1832 2645 eno-

143 2681 289 2732 tatas
313 2677 549 2733 Kaibelii
575 2680 890 2734 liberalitati
915 2681 1191 2748 debebam,
1222 2682 1541 2752 priusquam
1568 2680 1835 2734 Athenaei

146 2767 310 2820 editio
351 2768 420 2821 ab
459 2767 577 2836 ipso
617 2771 806 2821 curata
848 2768 905 2821 in
944 2769 1120 2822 lucem
1167 2769 1431 2838 prodiret3
1479 2787 1508 2821 e
1547 2787 1651 2838 qua
1691 2785 1833 2822 nunc

147 2855 312 2908 etiam
343 2856 604 2910 librorum
637 2857 922 2926 epitomae,
953 2856 1188 2912 Parisini
1223 2856 1269 2911 0
1302 2860 1356 2910 et
1388 2856 1736 2910 Laurentiani
1766 2856 1835 2926 E,

147 2943 455 2997 accuratior
498 2944 696 2998 notitia
740 2944 967 2998 hauriri'
994 2944 1185 3014 potuit.
1270 2945 1461 2999 Paucis
1508 2945 1642 2999 locis
1691 2944 1829 2999 Lau-

238 3035 418 3077 cormuc.
439 3037 471 3070 1.
1481 3031 1570 3077 aas*
