2038 3140
737 674 1228 734 PRAEFATIO

249 804 429 857 Serius
470 805 559 856 hic
600 805 819 856 libellus
864 805 1048 873 prodit
1097 823 1256 873 quam
1304 804 1483 872 initio,
1533 823 1652 856 cum
1692 804 1828 856 Her-

136 894 323 946 manni
369 892 600 945 Useneri
656 893 1023 961 praeceptoris
1077 892 1458 944 humanissimi
1506 893 1826 945 auctoritate

143 982 403 1034 adductus
439 980 723 1032 consilium
756 980 855 1032 inii
887 980 1000 1031 eius
1033 979 1401 1048 componendi,
1434 998 1647 1049 sperare
1681 999 1826 1033 eram

139 1069 346 1133 solituS,
386 1086 448 1120 ac
487 1071 670 1120 tamen
711 1069 860 1120 ocius
899 1086 1087 1138 paene,
1128 1087 1288 1136 quam
1323 1071 1515 1136 postea
1546 1087 1608 1121 eo
1640 1070 1827 1122 labore

139 1158 254 1226 ipso
298 1159 588 1224 occupatus
628 1156 751 1225 plus
790 1157 957 1208 semel
991 1156 1311 1208 sentiebam:
1350 1175 1477 1208 nam
1507 1175 1619 1210 non
1653 1158 1826 1210 solum

138 1245 303 1297 variis
346 1245 539 1296 studiis
581 1244 880 1312 officiisque
913 1244 1112 1296 diutius
1146 1244 1214 1295 ab
1246 1244 1459 1312 incepto
1492 1244 1828 1314 detrahebar,

136 1333 230 1385 sed
271 1333 432 1384 etiam
473 1332 530 1383 in
570 1332 679 1383 dies
715 1332 912 1384 certius
945 1332 1330 1401 intellegebam
1364 1350 1498 1384 onus
1530 1351 1614 1384 me
1649 1351 1827 1386 susce-

138 1421 284 1489 pisse
334 1437 496 1489 grave
545 1423 598 1471 et
645 1420 864 1487 gravius
912 1420 1142 1472 fortasse
1190 1437 1352 1487 quam
1398 1423 1458 1472 ut
1504 1421 1675 1472 umeri
1722 1421 1828 1472 mei

138 1509 278 1560 ferre
318 1511 551 1576 possent.
629 1508 936 1560 Accedebat
976 1525 1101 1560 vero
1142 1507 1304 1575 aliud,
1344 1508 1487 1576 quod
1525 1512 1585 1560 ut
1623 1508 1827 1560 instare

136 1599 352 1665 incepto
392 1595 615 1648 iubebat
653 1598 1019 1663 cunctantem,
1058 1595 1138 1647 ita
1175 1596 1356 1664 ipsum
1394 1595 1624 1648 instanti
1661 1596 1828 1664 pluri·
1860 1666 1865 1669 ἢ

135 1703 282 1736 mum
309 1683 666 1737 cunctationis
694 1683 967 1735 afferebat.
1007 1681 1148 1735 Nam
1172 1700 1240 1734 ne
1262 1683 1424 1736 titulo
1451 1682 1828 1752 ‘Corpusculi',

135 1791 294 1841 quem
334 1771 605 1824 Usenerus
652 1774 1028 1839 proposuerat,
1074 1771 1274 1823 iustum
1323 1774 1701 1840 argumentum
1742 1771 1827 1824 de-

137 1863 305 1927 esset,
362 1860 550 1912 eodem
597 1859 694 1910 illo
743 1859 998 1911 suadente
1047 1856 1295 1911 Curtium
1334 1858 1827 1925 Wachsmuthium‚

135 1949 308 2000 virum
356 1947 486 1999 mihi
537 1965 659 2000 cum
703 1947 1276 2000 benevolentissimum
1322 1950 1440 1999 tum
1478 1947 1672 2000 horum
1712 1950 1825 2000 stu—

138 2036 350 2088 diorum
375 2035 505 2088 olim
532 2038 823 2103 auctorem,
858 2035 1109 2104 adieram,
1142 2039 1203 2087 ut
1235 2037 1282 2087 si
1312 2035 1454 2088 forte
1484 2036 1646 2088 vellet
1670 2034 1827 2088 Sillo-

142 2123 378 2192 graphos
419 2122 654 2176 Graecos
701 2123 934 2192 quinque
982 2126 1107 2175 ante
1154 2124 1326 2176 lustra
1365 2124 1591 2176 emissos
1630 2124 1827 2176 iterum

139 2211 308 2278 edere,
341 2210 694 2278 permitteret,
726 2214 787 2262 ut
811 2228 932 2262 cum
955 2211 1069 2263 illis
1094 2228 1243 2263 meus
1271 2211 1488 2263 libellus
1514 2211 1580 2263 ad
1604 2211 1826 2279 plenum

137 2316 430 2367 verumque
478 2297 871 2366 Corpusculum
928 2298 1039 2350 eius
1095 2299 1308 2367 generis
1362 2299 1560 2368 poetici
1614 2300 1828 2352 coniun-

139 2391 369 2456 geretur.
439 2386 620 2455 Atque
660 2387 907 2439 effectum
947 2404 1064 2439 esse
1105 2387 1388 2439 consilium
1426 2387 1558 2440 illud
1594 2387 1828 2441 ostendit

138 2475 426 2528 fasciculus
502 2474 642 2549 alter
711 2471 1031 2541 Corpusculi
1102 2476 1383 2528 continens
1454 2474 1826 2545 Sillographos

103 2588 108 2591 ·
135 2562 372 2615 Graecos
413 2579 445 2614 a
476 2559 661 2614 Curtio
699 2559 1064 2615 Wachsmuth
1095 2564 1294 2616 iterum
1327 2563 1523 2634 editos;
1558 2564 1650 2632 qui
1678 2567 1828 2632 post-

140 2668 300 2718 quam
338 2651 394 2702 in
434 2650 608 2702 lucem
649 2649 866 2718 prodiit,
904 2668 1026 2703 cum
1066 2669 1242 2704 meam
1282 2669 1493 2721 quoque
1524 2652 1824 2704 communis

140 2755 336 2806 operae
359 2740 569 2806 partem
594 2737 703 2789 iam
726 2737 992 2805 postulari
1022 2739 1411 2808 intellegerem,
1442 2741 1628 2791 tamen
1651 2740 1827 2809 splen-

139 2824 416 2877 didissimo
456 2824 551 2876 illo
583 2824 858 2877 doctrinae
898 2829 952 2877 et
982 2825 1165 2879 iudicii
1197 2827 1486 2895 specimine
1519 2825 1826 2880 admonitus

139 2931 276 2983 sum,
311 2930 379 2964 ne
419 2911 465 2964 si
504 2929 640 2980 quae
679 2915 901 2981 possent
936 2912 1168 2967 fortasse
1208 2913 1275 2966 ad
1312 2913 1684 2982 perfectiorem
1714 2914 1826 2968 for-
