2038 3140
915 651 975 709 Π

522 783 938 843 HIPPONAX
983 782 1374 842 EPHESIVS

222 905 552 967 Hipponactis
590 905 931 967 fragmentum
976 897 1342 970 parodicum1),
1390 903 1522 965 quod
1562 906 1800 965 quattuor

112 986 396 1035 continetur
426 984 730 1033 hexametris
755 985 962 1033 Homeri
992 985 1272 1033 imitatione
1305 985 1596 1048 conspicuis,
1630 999 1800 1031 earum

114 1082 240 1131 quae
287 1066 486 1129 generis
531 1066 669 1114 illius
714 1081 923 1128 poeseos
971 1068 1188 1114 aetatem
1226 1066 1438 1114 tulerint
1475 1066 1800 1128 reliquiarum

115 1149 322 1197 chorum
373 1148 517 1210 quasi
567 1147 748 1195 ducere
805 1147 1080 1195 communis
1134 1150 1211 1196 est
1262 1147 1484 1196 virorum
1540 1148 1799 1195 doctorum

116 1229 364 1278 sententia
412 1229 742 1291 praecedente
788 1227 1055 1276 Polemone
1102 1228 1388 1291 Periegeta,
1437 1227 1522 1290 qui
1566 1228 1620 1274 in
1671 1227 1800 1276 libro

117 1310 409 1358 duodecimo
460 1326 631 1358 eorum
688 1324 811 1371 quos
863 1309 917 1357 in
963 1309 1155 1356 Timaei
1209 1308 1444 1357 historias
1495 1308 1800 1371 conscripsit,

113 1391 318 1439 uberius
360 1391 420 1438 de
459 1395 628 1439 vetere
668 1389 877 1451 parodia
915 1389 1105 1438 Graeca
1148 1389 1394 1437 disserens
1433 1389 1802 1452 Hipponactem

112 1471 352 1535 parodiae
375 1471 686 1520 inventorem
709 1471 1037 1533 praedicavit:
1068 1470 1119 1517 id
1142 1472 1200 1518 ut
1225 1469 1603 1534 demonstraret,
1626 1484 1801 1518 versus

116 1553 231 1602 illos
269 1553 640 1615 Hipponacteos
689 1544 992 1617 apposuit.²)
1070 1551 1168 1608 Qui
1214 1566 1326 1599 cum
1367 1566 1457 1613 per
1497 1567 1549 1600 se
1587 1567 1678 1613 pro
1718 1552 1803 1600 do*

117 1636 347 1684 cumento
380 1633 647 1682 admodum
676 1632 991 1682 memorabili
1022 1632 1122 1680 sint
1143 1632 1362 1680 habendi
1383 1631 1515 1680 unde
1541 1631 1803 1695 discamuS,

119 1715 299 1777 quibus
340 1731 399 1763 ex
436 1714 593 1762 initiis
633 1729 714 1763 ars
754 1714 990 1776 parodica
1028 1716 1139 1764 orta
1168 1714 1320 1776 atque
1353 1716 1500 1762 aucta
1530 1714 1610 1776 sit,
1651 1714 1805 1762 etiam

115 1797 278 1861 magis
316 1796 615 1858 respiciendi
652 1795 885 1844 videntur
922 1797 1190 1857 propterea
1235 1795 1368 1856 quod
1414 1795 1500 1856 qui
1538 1795 1651 1844 illos
1690 1809 1802 1842 con-

118 1879 300 1928 didisse
340 1893 371 1926 a
407 1877 675 1926 Polemone
713 1875 956 1938 traditur,
993 1875 1260 1937 Hipponax
1297 1876 1700 1938 iambographus,
1741 1875 1803 1924 ab

119 1975 176 2009 eo
223 1959 331 2008 viro
377 1959 525 2020 plane
573 1957 844 2021 omittitur,
891 1958 1031 2006 cuius
1080 1972 1273 2006 summa
1319 1957 1398 2005 his
1443 1958 1497 2004 in
1538 1959 1687 2006 rebus
1728 1960 1806 2005 est

118 2040 416 2101 auotoritas,
459 2038 747 2088 Aristotele.
823 2039 920 2087 Hic
958 2038 1090 2087 enim
1127 2038 1266 2087 Poet.
1305 2037 1354 2084 V
1395 2040 1424 2087 2
1466 2038 1806 2102 Hegemonem

37 2151 40 2154 >
121 2121 363 2170 Thasium
398 2120 617 2182 primum
652 2119 886 2181 parodias
918 2119 1255 2181 composuisse
1293 2119 1415 2167 satis
1448 2119 1633 2169 diserto
1663 2118 1804 2167 testi-

119 2202 286 2252 monio
325 2193 652 2266 confirmat.³)
729 2199 871 2257 Quod
906 2200 1115 2248 testium
1153 2198 1250 2247 fide
1292 2199 1700 2263 dignissimorum
1733 2199 1805 2248 di-

122 2283 332 2333 scidium
369 2281 572 2330 minime
610 2283 780 2343 potest
815 2281 889 2329 ita
927 2280 1158 2343 expediri,
1198 2282 1256 2328 ut
1293 2295 1405 2328 cum
1442 2280 1807 2343 Hipponactem

122 2354 254 2415 circa
278 2364 338 2412 ol.
367 2364 436 2411 60
459 2362 632 2422 fuisse,
654 2361 994 2426 Hegemonem
1017 2361 1138 2410 belli
1153 2361 1559 2423 Peloponnesiaci
1582 2364 1806 2424 tempore

122 2445 350 2494 floruisse
381 2443 504 2493 satis
536 2444 744 2504 constet,
774 2443 1007 2492 inventae
1029 2441 1265 2505 parodiae
1288 2442 1506 2504 palmam
1531 2443 1596 2491 ad
1619 2443 1807 2505 Hippo-

125 2528 320 2575 nactem
367 2524 649 2574 deferamus
695 2523 861 2573 aetate
908 2538 1026 2572 sane
1072 2523 1232 2572 multo
1279 2523 1611 2573 anteriorem.
1675 2524 1808 2572 Nam

246 2668 290 2722 1)
316 2663 704 2710 cf.We1andjum
725 2677 770 2720 p.
791 2668 844 2707 11
857 2677 972 2721 sqq„
995 2662 1252 2708 Prellerum
1276 2663 1450 2708 Polem.
1475 2663 1531 2708 fr.
1554 2677 1600 2720 p.
1620 2667 1675 2708 76
1691 2676 1806 2719 sqq.,

124 2731 391 2776 Peltzerum
420 2745 466 2788 p.
498 2735 557 2775 20
582 2744 703 2787 sqq.,
743 2728 1009 2775 Paessensii
1044 2743 1200 2787 progr.
1232 2729 1424 2786 Kempis
1459 2732 1572 2774 1859
1613 2727 1806 2785 editum,
1861 2730 1869 2738 ‘

124 2797 380 2857 Bergkium
410 2797 540 2844 PLG
564 2798 583 2823 ⁴
606 2796 650 2840 II
680 2811 725 2854 p.
750 2800 836 2841 489
855 2810 922 2853 sq.

244 2869 290 2924 2)
319 2864 441 2911 Vide
470 2863 592 2908 infra
620 2861 958 2909 testimonium.

245 2933 290 2988 3)
323 2929 390 2975 cf.
420 2928 546 2975 infra
575 2928 638 2973 ad
666 2927 987 2986 Hegemonem
1016 2943 1062 2987 p.
1087 2933 1143 2975 37
1177 2927 1284 2973 adn.
1308 2933 1350 2973 2.
