<?xml version="1.0" encoding="UTF-8"?>
<!DOCTYPE html PUBLIC "-//W3C//DTD XHTML 1.0 Transitional//EN"
    "http://www.w3.org/TR/xhtml1/DTD/xhtml1-transitional.dtd">
<html xmlns="http://www.w3.org/1999/xhtml" xml:lang="en" lang="en">
 <head>
  <title>
</title>
<meta http-equiv="Content-Type" content="text/html;charset=utf-8" />
  <meta name='ocr-system' content='tesseract 3.04.00' />
  <meta name='ocr-capabilities' content='ocr_page ocr_carea ocr_par ocr_line ocrx_word'/>
</head>
<body>
  <div class='ocr_page' id='page_1' title='image "./corpusculumpoesi01lipsuoft_0090.png"; bbox 0 0 2038 3140; ppageno 0'>
   <div class='ocr_carea' id='block_1_1' title="bbox 939 111 1969 164">
    <p class='ocr_par' dir='ltr' id='par_1_1' title="bbox 939 111 1969 164">
     <span class='ocr_line' id='line_1_1' title="bbox 939 111 1969 164; baseline 0 -1"><span class='ocrx_word' id='word_1_1' title='bbox 939 141 1006 150; x_wconf 93' lang='lat'>—</span> <span class='ocrx_word' id='word_1_2' title='bbox 1088 111 1155 163; x_wconf 83' lang='lat'>76</span> <span class='ocrx_word' id='word_1_3' title='bbox 1239 141 1301 147; x_wconf 97' lang='lat'><strong>—</strong></span> <span class='ocrx_word' id='word_1_4' title='bbox 1704 128 1969 164; x_wconf 76' lang='lat' dir='ltr'>MATRoms</span> 
     </span>
    </p>
   </div>
   <div class='ocr_carea' id='block_1_2' title="bbox 231 246 2038 2983">
    <p class='ocr_par' dir='ltr' id='par_1_2' title="bbox 248 246 2028 1931">
     <span class='ocr_line' id='line_1_2' title="bbox 282 246 1973 312; baseline -0.002 -15"><span class='ocrx_word' id='word_1_5' title='bbox 282 264 582 312; x_wconf 85' lang='lat' dir='ltr'>quamquam</span> <span class='ocrx_word' id='word_1_6' title='bbox 641 249 796 298; x_wconf 83' lang='lat' dir='ltr'>verba</span> <span class='ocrx_word' id='word_1_7' title='bbox 860 248 982 296; x_wconf 88' lang='lat' dir='ltr'>satis</span> <span class='ocrx_word' id='word_1_8' title='bbox 1038 247 1348 295; x_wconf 71' lang='lat' dir='ltr'>sustinentur</span> <span class='ocrx_word' id='word_1_9' title='bbox 1400 246 1663 296; x_wconf 80' lang='lat' dir='ltr'>homericis</span> <span class='ocrx_word' id='word_1_10' title='bbox 1718 247 1973 309; x_wconf 79' lang='lat' dir='ltr'>exemplis.</span> 
     </span>
     <span class='ocr_line' id='line_1_3' title="bbox 282 328 1970 393; baseline -0.003 -14"><span class='ocrx_word' id='word_1_11' title='bbox 282 331 620 393; x_wconf 83' lang='lat' dir='ltr'>Polyphemus</span> <span class='ocrx_word' id='word_1_12' title='bbox 653 330 886 391; x_wconf 86' lang='lat' dir='ltr'>Neptuno</span> <span class='ocrx_word' id='word_1_13' title='bbox 928 330 981 377; x_wconf 88' lang='lat' dir='ltr'>et</span> <span class='ocrx_word' id='word_1_14' title='bbox 1011 329 1210 376; x_wconf 85' lang='lat' dir='ltr'>Thoosa</span> <span class='ocrx_word' id='word_1_15' title='bbox 1240 329 1461 390; x_wconf 82' lang='lat' dir='ltr'>nympha</span> <span class='ocrx_word' id='word_1_16' title='bbox 1497 331 1646 377; x_wconf 86' lang='lat' dir='ltr'>natus</span> <span class='ocrx_word' id='word_1_17' title='bbox 1686 331 1776 391; x_wconf 83' lang='lat' dir='ltr'>est,</span> <span class='ocrx_word' id='word_1_18' title='bbox 1817 328 1970 375; x_wconf 90' lang='lat' dir='ltr'>Phor-</span> 
     </span>
     <span class='ocr_line' id='line_1_4' title="bbox 282 409 1977 475; baseline -0.002 -16"><span class='ocrx_word' id='word_1_19' title='bbox 282 412 421 475; x_wconf 91' lang='lat' dir='ltr'>cynis</span> <span class='ocrx_word' id='word_1_20' title='bbox 459 411 579 474; x_wconf 81' lang='lat' dir='ltr'>filia,</span> <span class='ocrx_word' id='word_1_21' title='bbox 618 412 751 459; x_wconf 90' lang='lat' dir='ltr'>unde</span> <span class='ocrx_word' id='word_1_22' title='bbox 789 411 1004 459; x_wconf 89' lang='lat' dir='ltr'>fortasse</span> <span class='ocrx_word' id='word_1_23' title='bbox 1045 410 1212 471; x_wconf 87' lang='lat' dir='ltr'>aliqua</span> <span class='ocrx_word' id='word_1_24' title='bbox 1250 409 1378 456; x_wconf 87' lang='lat' dir='ltr'>ratio</span> <span class='ocrx_word' id='word_1_25' title='bbox 1419 424 1545 470; x_wconf 90' lang='lat' dir='ltr'>quae</span> <span class='ocrx_word' id='word_1_26' title='bbox 1583 410 1715 457; x_wconf 86' lang='lat' dir='ltr'>inter</span> <span class='ocrx_word' id='word_1_27' title='bbox 1743 409 1890 456; x_wconf 88' lang='lat' dir='ltr'>illum</span> <span class='ocrx_word' id='word_1_28' title='bbox 1921 409 1977 456; x_wconf 87' lang='lat' dir='ltr'>et</span> 
     </span>
     <span class='ocr_line' id='line_1_5' title="bbox 280 489 1975 552; baseline -0.002 -13"><span class='ocrx_word' id='word_1_29' title='bbox 280 493 432 541; x_wconf 91' lang='lat' dir='ltr'>maris</span> <span class='ocrx_word' id='word_1_30' title='bbox 485 492 673 541; x_wconf 87' lang='lat' dir='ltr'>incolas</span> <span class='ocrx_word' id='word_1_31' title='bbox 727 492 1084 551; x_wconf 72' lang='lat' dir='ltr'>intercederet,</span> <span class='ocrx_word' id='word_1_32' title='bbox 1142 489 1413 552; x_wconf 84' lang='lat' dir='ltr'>excogitari</span> <span class='ocrx_word' id='word_1_33' title='bbox 1466 493 1657 551; x_wconf 87' lang='lat' dir='ltr'>posset,</span> <span class='ocrx_word' id='word_1_34' title='bbox 1709 490 1807 537; x_wconf 92' lang='lat' dir='ltr'>nisi</span> <span class='ocrx_word' id='word_1_35' title='bbox 1863 504 1975 537; x_wconf 88' lang='lat' dir='ltr'>con·</span> 
     </span>
     <span class='ocr_line' id='line_1_6' title="bbox 281 570 1976 635; baseline -0.001 -15"><span class='ocrx_word' id='word_1_36' title='bbox 281 573 425 622; x_wconf 87' lang='lat' dir='ltr'>vivae</span> <span class='ocrx_word' id='word_1_37' title='bbox 473 573 769 635; x_wconf 85' lang='lat' dir='ltr'>significatio</span> <span class='ocrx_word' id='word_1_38' title='bbox 822 573 913 621; x_wconf 89' lang='lat' dir='ltr'>sub</span> <span class='ocrx_word' id='word_1_39' title='bbox 962 571 1194 634; x_wconf 85' lang='lat' dir='ltr'>Cyclopis</span> <span class='ocrx_word' id='word_1_40' title='bbox 1241 570 1440 618; x_wconf 92' lang='lat' dir='ltr'>nomine</span> <span class='ocrx_word' id='word_1_41' title='bbox 1493 570 1650 619; x_wconf 90' lang='lat' dir='ltr'>latere</span> <span class='ocrx_word' id='word_1_42' title='bbox 1703 571 1976 620; x_wconf 84' lang='lat' dir='ltr'>videretur.</span> 
     </span>
     <span class='ocr_line' id='line_1_7' title="bbox 282 647 1974 715; baseline -0.002 -14"><span class='ocrx_word' id='word_1_43' title='bbox 282 647 352 701; x_wconf 83' lang='lat' dir='ltr'>V.</span> <span class='ocrx_word' id='word_1_44' title='bbox 395 647 469 700; x_wconf 76' lang='grc'>25</span> <span class='ocrx_word' id='word_1_45' title='bbox 512 655 747 701; x_wconf 88' lang='lat' dir='ltr'>mendum</span> <span class='ocrx_word' id='word_1_46' title='bbox 785 652 1138 715; x_wconf 84' lang='lat' dir='ltr'>gravissimum</span> <span class='ocrx_word' id='word_1_47' title='bbox 1175 649 1259 699; x_wconf 84' lang='grc' dir='ltr'>καὶ</span> <span class='ocrx_word' id='word_1_48' title='bbox 1296 647 1459 714; x_wconf 75' lang='grc' dir='ltr'><em>ἄμυλα</em></span> <span class='ocrx_word' id='word_1_49' title='bbox 1489 648 1717 714; x_wconf 77' lang='grc' dir='ltr'><em>ἠχήεντα,</em></span> <span class='ocrx_word' id='word_1_50' title='bbox 1757 651 1838 699; x_wconf 87' lang='grc'>0111</span> <span class='ocrx_word' id='word_1_51' title='bbox 1875 651 1974 698; x_wconf 86' lang='lat' dir='ltr'>for-</span> 
     </span>
     <span class='ocr_line' id='line_1_8' title="bbox 282 730 1977 794; baseline -0.001 -13"><span class='ocrx_word' id='word_1_52' title='bbox 282 734 384 781; x_wconf 92' lang='lat' dir='ltr'>tius</span> <span class='ocrx_word' id='word_1_53' title='bbox 439 730 717 782; x_wconf 87' lang='lat' dir='ltr'>remedium</span> <span class='ocrx_word' id='word_1_54' title='bbox 770 734 944 782; x_wconf 88' lang='lat' dir='ltr'>attulit</span> <span class='ocrx_word' id='word_1_55' title='bbox 991 733 1225 781; x_wconf 87' lang='lat' dir='ltr'>Meinekii</span> <span class='ocrx_word' id='word_1_56' title='bbox 1272 732 1559 780; x_wconf 87' lang='lat' dir='ltr'>coniectura</span> <span class='ocrx_word' id='word_1_57' title='bbox 1603 730 1725 779; x_wconf 80' lang='grc' dir='ltr'><em>κατὰ</em></span> <span class='ocrx_word' id='word_1_58' title='bbox 1774 730 1977 794; x_wconf 81' lang='grc' dir='ltr'><em>δώματα</em></span> 
     </span>
     <span class='ocr_line' id='line_1_9' title="bbox 282 811 1980 878; baseline -0.002 -16"><span class='ocrx_word' id='word_1_59' title='bbox 282 811 516 878; x_wconf 81' lang='grc' dir='ltr'><em>ἠχήεντα;</em></span> <span class='ocrx_word' id='word_1_60' title='bbox 563 815 866 878; x_wconf 79' lang='lat' dir='ltr'>praepositio</span> <span class='ocrx_word' id='word_1_61' title='bbox 913 813 1036 862; x_wconf 80' lang='grc' dir='ltr'><em>κατά</em></span> <span class='ocrx_word' id='word_1_62' title='bbox 1074 813 1303 862; x_wconf 88' lang='lat' dir='ltr'>Kaibelio</span> <span class='ocrx_word' id='word_1_63' title='bbox 1351 829 1544 875; x_wconf 88' lang='lat' dir='ltr'>quoque</span> <span class='ocrx_word' id='word_1_64' title='bbox 1593 814 1731 860; x_wconf 89' lang='lat' dir='ltr'>certa</span> <span class='ocrx_word' id='word_1_65' title='bbox 1774 812 1980 861; x_wconf 84' lang='lat' dir='ltr'>videtur</span> 
     </span>
     <span class='ocr_line' id='line_1_10' title="bbox 280 893 1977 958; baseline -0.001 -16"><span class='ocrx_word' id='word_1_66' title='bbox 280 910 372 942; x_wconf 87' lang='lat' dir='ltr'>nec</span> <span class='ocrx_word' id='word_1_67' title='bbox 405 893 913 958; x_wconf 55' lang='lat' dir='ltr'>doiuava&#39;festivitate</span> <span class='ocrx_word' id='word_1_68' title='bbox 945 898 1186 958; x_wconf 86' lang='lat' dir='ltr'>carerent,</span> <span class='ocrx_word' id='word_1_69' title='bbox 1228 895 1270 943; x_wconf 90' lang='lat' dir='ltr'>si</span> <span class='ocrx_word' id='word_1_70' title='bbox 1307 894 1726 956; x_wconf 84' lang='lat' dir='ltr'>intellegerentur</span> <span class='ocrx_word' id='word_1_71' title='bbox 1764 893 1977 956; x_wconf 88' lang='lat' dir='ltr'>conchy-</span> 
     </span>
     <span class='ocr_line' id='line_1_11' title="bbox 282 974 1974 1039; baseline -0.001 -17"><span class='ocrx_word' id='word_1_72' title='bbox 282 975 465 1024; x_wconf 87' lang='lat' dir='ltr'>liorum</span> <span class='ocrx_word' id='word_1_73' title='bbox 519 977 722 1039; x_wconf 86' lang='lat' dir='ltr'>domus,</span> <span class='ocrx_word' id='word_1_74' title='bbox 782 979 970 1037; x_wconf 83' lang='lat' dir='ltr'>testae,</span> <span class='ocrx_word' id='word_1_75' title='bbox 1033 985 1244 1039; x_wconf 82' lang='lat' dir='ltr'>quorum</span> <span class='ocrx_word' id='word_1_76' title='bbox 1298 991 1538 1023; x_wconf 85' lang='lat' dir='ltr'>cavernae</span> <span class='ocrx_word' id='word_1_77' title='bbox 1593 990 1769 1023; x_wconf 90' lang='lat' dir='ltr'>sonum</span> <span class='ocrx_word' id='word_1_78' title='bbox 1828 974 1974 1022; x_wconf 89' lang='lat' dir='ltr'>illum</span> 
     </span>
     <span class='ocr_line' id='line_1_12' title="bbox 287 1055 1981 1118; baseline -0.002 -14"><span class='ocrx_word' id='word_1_79' title='bbox 287 1056 433 1104; x_wconf 89' lang='lat' dir='ltr'>edere</span> <span class='ocrx_word' id='word_1_80' title='bbox 489 1057 663 1106; x_wconf 87' lang='lat' dir='ltr'>solent.</span> <span class='ocrx_word' id='word_1_81' title='bbox 763 1057 899 1106; x_wconf 86' lang='lat' dir='ltr'>Haec</span> <span class='ocrx_word' id='word_1_82' title='bbox 959 1058 1207 1106; x_wconf 88' lang='lat' dir='ltr'>sententia</span> <span class='ocrx_word' id='word_1_83' title='bbox 1260 1059 1588 1118; x_wconf 88' lang='lat' dir='ltr'>recuperatur</span> <span class='ocrx_word' id='word_1_84' title='bbox 1643 1056 1686 1103; x_wconf 91' lang='lat' dir='ltr'>si</span> <span class='ocrx_word' id='word_1_85' title='bbox 1741 1055 1981 1103; x_wconf 87' lang='lat' dir='ltr'>scribitur</span> 
     </span>
     <span class='ocr_line' id='line_1_13' title="bbox 289 1133 1974 1202; baseline 0 -19"><span class='ocrx_word' id='word_1_86' title='bbox 289 1134 413 1184; x_wconf 77' lang='grc' dir='ltr'><em>κατὰ</em></span> <span class='ocrx_word' id='word_1_87' title='bbox 450 1133 666 1202; x_wconf 76' lang='grc' dir='ltr'><em>κογχύλι’</em></span> <span class='ocrx_word' id='word_1_88' title='bbox 702 1135 938 1202; x_wconf 78' lang='grc' dir='ltr'><em>ἠχήεντα,</em></span> <span class='ocrx_word' id='word_1_89' title='bbox 979 1139 1162 1186; x_wconf 85' lang='lat' dir='ltr'>etenim</span> <span class='ocrx_word' id='word_1_90' title='bbox 1200 1137 1434 1202; x_wconf 78' lang='grc' dir='ltr'><em>κογχύλια</em></span> <span class='ocrx_word' id='word_1_91' title='bbox 1475 1136 1625 1185; x_wconf 86' lang='lat' dir='ltr'>etiam</span> <span class='ocrx_word' id='word_1_92' title='bbox 1663 1138 1822 1184; x_wconf 89' lang='lat' dir='ltr'>testas</span> <span class='ocrx_word' id='word_1_93' title='bbox 1862 1151 1974 1184; x_wconf 90' lang='lat' dir='ltr'>con-</span> 
     </span>
     <span class='ocr_line' id='line_1_14' title="bbox 287 1211 1976 1284; baseline -0.002 -18"><span class='ocrx_word' id='word_1_94' title='bbox 287 1218 492 1266; x_wconf 87' lang='lat' dir='ltr'>charum</span> <span class='ocrx_word' id='word_1_95' title='bbox 547 1218 827 1280; x_wconf 84' lang='lat' dir='ltr'>significare</span> <span class='ocrx_word' id='word_1_96' title='bbox 883 1221 1079 1266; x_wconf 88' lang='lat' dir='ltr'>constat</span> <span class='ocrx_word' id='word_1_97' title='bbox 1126 1211 1333 1284; x_wconf 88' lang='lat' dir='ltr'>(Herod.</span> <span class='ocrx_word' id='word_1_98' title='bbox 1372 1217 1425 1264; x_wconf 91' lang='lat' dir='ltr'>II</span> <span class='ocrx_word' id='word_1_99' title='bbox 1466 1211 1573 1282; x_wconf 83' lang='lat'>12).</span> <span class='ocrx_word' id='word_1_100' title='bbox 1665 1219 1809 1266; x_wconf 88' lang='lat' dir='ltr'>Nunc</span> <span class='ocrx_word' id='word_1_101' title='bbox 1863 1232 1976 1264; x_wconf 90' lang='lat' dir='ltr'>cum</span> 
     </span>
     <span class='ocr_line' id='line_1_15' title="bbox 290 1296 1977 1363; baseline -0.002 -17"><span class='ocrx_word' id='word_1_102' title='bbox 290 1299 677 1348; x_wconf 88' lang='lat' dir='ltr'>Wachsmuthio</span> <span class='ocrx_word' id='word_1_103' title='bbox 712 1300 886 1361; x_wconf 87' lang='lat' dir='ltr'>scripsi</span> <span class='ocrx_word' id='word_1_104' title='bbox 917 1297 1039 1347; x_wconf 83' lang='grc' dir='ltr'><em>κατὰ</em></span> <span class='ocrx_word' id='word_1_105' title='bbox 1069 1298 1291 1363; x_wconf 80' lang='grc' dir='ltr'><em>τρύβλια,</em></span> <span class='ocrx_word' id='word_1_106' title='bbox 1330 1314 1458 1361; x_wconf 91' lang='lat' dir='ltr'>quae</span> <span class='ocrx_word' id='word_1_107' title='bbox 1487 1296 1699 1362; x_wconf 88' lang='grc' dir='ltr'><em>ἠχήεντα</em></span> <span class='ocrx_word' id='word_1_108' title='bbox 1729 1296 1977 1360; x_wconf 86' lang='lat' dir='ltr'>appellari</span> 
     </span>
     <span class='ocr_line' id='line_1_16' title="bbox 248 1372 1974 1443; baseline -0.002 -14"><span class='ocrx_word' id='word_1_109' title='bbox 248 1409 254 1413; x_wconf 87' lang='lat'>-</span> <span class='ocrx_word' id='word_1_110' title='bbox 287 1383 502 1442; x_wconf 91' lang='lat' dir='ltr'>possunt</span> <span class='ocrx_word' id='word_1_111' title='bbox 533 1380 715 1443; x_wconf 89' lang='lat' dir='ltr'>quippe</span> <span class='ocrx_word' id='word_1_112' title='bbox 747 1397 872 1443; x_wconf 90' lang='lat' dir='ltr'>quae</span> <span class='ocrx_word' id='word_1_113' title='bbox 899 1395 1054 1428; x_wconf 88' lang='lat' dir='ltr'>aenea</span> <span class='ocrx_word' id='word_1_114' title='bbox 1079 1381 1191 1429; x_wconf 90' lang='lat' dir='ltr'>sint.</span> <span class='ocrx_word' id='word_1_115' title='bbox 1253 1374 1322 1428; x_wconf 83' lang='lat' dir='ltr'>V.</span> <span class='ocrx_word' id='word_1_116' title='bbox 1357 1375 1434 1428; x_wconf 75' lang='grc'>26</span> <span class='ocrx_word' id='word_1_117' title='bbox 1467 1379 1744 1428; x_wconf 88' lang='lat' dir='ltr'>Meinekius</span> <span class='ocrx_word' id='word_1_118' title='bbox 1768 1372 1974 1439; x_wconf 67' lang='grc'>01110111-</span> 
     </span>
     <span class='ocr_line' id='line_1_17' title="bbox 285 1459 1978 1523; baseline -0.001 -15"><span class='ocrx_word' id='word_1_119' title='bbox 285 1461 463 1509; x_wconf 88' lang='lat' dir='ltr'>theton</span> <span class='ocrx_word' id='word_1_120' title='bbox 501 1459 680 1509; x_wconf 82' lang='grc' dir='ltr'><em>λευκόν</em></span> <span class='ocrx_word' id='word_1_121' title='bbox 725 1476 886 1523; x_wconf 89' lang='lat' dir='ltr'>aquae</span> <span class='ocrx_word' id='word_1_122' title='bbox 927 1461 1149 1509; x_wconf 89' lang='lat' dir='ltr'>marinae</span> <span class='ocrx_word' id='word_1_123' title='bbox 1186 1477 1287 1509; x_wconf 92' lang='lat' dir='ltr'>non</span> <span class='ocrx_word' id='word_1_124' title='bbox 1325 1461 1447 1509; x_wconf 89' lang='lat' dir='ltr'>satis</span> <span class='ocrx_word' id='word_1_125' title='bbox 1487 1463 1659 1522; x_wconf 88' lang='lat' dir='ltr'>aptum</span> <span class='ocrx_word' id='word_1_126' title='bbox 1695 1460 1978 1518; x_wconf 83' lang='lat' dir='ltr'>videbatur,</span> 
     </span>
     <span class='ocr_line' id='line_1_18' title="bbox 283 1538 1976 1606; baseline -0.001 -17"><span class='ocrx_word' id='word_1_127' title='bbox 283 1541 548 1603; x_wconf 87' lang='lat' dir='ltr'>proposuit</span> <span class='ocrx_word' id='word_1_128' title='bbox 585 1538 788 1606; x_wconf 77' lang='grc' dir='ltr'>ἁλυκόν,</span> <span class='ocrx_word' id='word_1_129' title='bbox 833 1542 919 1590; x_wconf 85' lang='lat' dir='ltr'>sed</span> <span class='ocrx_word' id='word_1_130' title='bbox 959 1542 1174 1590; x_wconf 88' lang='lat' dir='ltr'>colorem</span> <span class='ocrx_word' id='word_1_131' title='bbox 1213 1541 1383 1589; x_wconf 91' lang='lat' dir='ltr'>album</span> <span class='ocrx_word' id='word_1_132' title='bbox 1423 1542 1628 1603; x_wconf 87' lang='lat' dir='ltr'>opponit</span> <span class='ocrx_word' id='word_1_133' title='bbox 1659 1541 1823 1588; x_wconf 91' lang='lat' dir='ltr'>Matro</span> <span class='ocrx_word' id='word_1_134' title='bbox 1863 1541 1976 1588; x_wconf 82' lang='lat' dir='ltr'>atro</span> 
     </span>
     <span class='ocr_line' id='line_1_19' title="bbox 285 1620 1976 1686; baseline -0.001 -17"><span class='ocrx_word' id='word_1_135' title='bbox 285 1621 442 1670; x_wconf 87' lang='lat' dir='ltr'>colori</span> <span class='ocrx_word' id='word_1_136' title='bbox 465 1623 678 1684; x_wconf 84' lang='lat' dir='ltr'>exempli</span> <span class='ocrx_word' id='word_1_137' title='bbox 700 1622 939 1671; x_wconf 88' lang='lat' dir='ltr'>homerici</span> <span class='ocrx_word' id='word_1_138' title='bbox 961 1622 988 1670; x_wconf 85' lang='grc' dir='ltr'>Ι</span> <span class='ocrx_word' id='word_1_139' title='bbox 1014 1623 1106 1685; x_wconf 80' lang='lat'>143</span> <span class='ocrx_word' id='word_1_140' title='bbox 1139 1625 1359 1670; x_wconf 88' lang='lat' dir='ltr'>ceterum</span> <span class='ocrx_word' id='word_1_141' title='bbox 1388 1624 1447 1670; x_wconf 89' lang='lat' dir='ltr'>cf.</span> <span class='ocrx_word' id='word_1_142' title='bbox 1473 1623 1642 1686; x_wconf 87' lang='lat' dir='ltr'>hymn.</span> <span class='ocrx_word' id='word_1_143' title='bbox 1662 1620 1877 1669; x_wconf 86' lang='lat' dir='ltr'>XXXIII</span> <span class='ocrx_word' id='word_1_144' title='bbox 1905 1620 1976 1668; x_wconf 82' lang='lat'>15</span> 
     </span>
     <span class='ocr_line' id='line_1_20' title="bbox 285 1700 1976 1768; baseline -0.001 -18"><span class='ocrx_word' id='word_1_145' title='bbox 285 1705 464 1766; x_wconf 77' lang='grc' dir='ltr'><em>λευκῆς</em></span> <span class='ocrx_word' id='word_1_146' title='bbox 510 1700 626 1761; x_wconf 79' lang='grc' dir='ltr'><em>ἁλὸς</em></span> <span class='ocrx_word' id='word_1_147' title='bbox 672 1701 735 1751; x_wconf 77' lang='grc' dir='ltr'>ἐν’</span> <span class='ocrx_word' id='word_1_148' title='bbox 768 1702 1102 1768; x_wconf 80' lang='grc' dir='ltr'><em>πελάγεσσι.</em></span> <span class='ocrx_word' id='word_1_149' title='bbox 1178 1703 1300 1752; x_wconf 89' lang='lat' dir='ltr'>Post</span> <span class='ocrx_word' id='word_1_150' title='bbox 1337 1720 1382 1753; x_wconf 89' lang='lat' dir='ltr'>v.</span> <span class='ocrx_word' id='word_1_151' title='bbox 1425 1705 1492 1752; x_wconf 86' lang='grc'>26</span> <span class='ocrx_word' id='word_1_152' title='bbox 1533 1719 1633 1752; x_wconf 89' lang='grc'>11011</span> <span class='ocrx_word' id='word_1_153' title='bbox 1669 1702 1810 1750; x_wconf 86' lang='grc'>1111113</span> <span class='ocrx_word' id='word_1_154' title='bbox 1848 1700 1976 1749; x_wconf 83' lang='lat' dir='ltr'>exci-</span> 
     </span>
     <span class='ocr_line' id='line_1_21' title="bbox 286 1779 2028 1850; baseline 0 -19"><span class='ocrx_word' id='word_1_155' title='bbox 286 1783 418 1832; x_wconf 87' lang='lat' dir='ltr'>disse</span> <span class='ocrx_word' id='word_1_156' title='bbox 450 1784 698 1834; x_wconf 85' lang='lat' dir='ltr'>videntur.</span> <span class='ocrx_word' id='word_1_157' title='bbox 752 1779 821 1834; x_wconf 81' lang='lat' dir='ltr'>V.</span> <span class='ocrx_word' id='word_1_158' title='bbox 851 1779 923 1833; x_wconf 75' lang='grc'>27</span> <span class='ocrx_word' id='word_1_159' title='bbox 960 1782 1278 1850; x_wconf 80' lang='grc' dir='ltr'><em>χονδροφυής</em></span> <span class='ocrx_word' id='word_1_160' title='bbox 1311 1787 1388 1833; x_wconf 88' lang='lat' dir='ltr'>est</span> <span class='ocrx_word' id='word_1_161' title='bbox 1418 1785 1576 1833; x_wconf 89' lang='lat' dir='ltr'>alicae</span> <span class='ocrx_word' id='word_1_162' title='bbox 1606 1784 1806 1846; x_wconf 84' lang='lat' dir='ltr'>similis3</span> <span class='ocrx_word' id='word_1_163' title='bbox 1846 1783 1981 1831; x_wconf 84' lang='lat' dir='ltr'>inter</span> <span class='ocrx_word' id='word_1_164' title='bbox 2025 1830 2028 1831; x_wconf 15' lang='lat'><em>⁷</em></span> 
     </span>
     <span class='ocr_line' id='line_1_22' title="bbox 289 1858 1981 1931; baseline -0.001 -19"><span class='ocrx_word' id='word_1_165' title='bbox 289 1863 465 1928; x_wconf 81' lang='grc' dir='ltr'><em>σελάχη</em></span> <span class='ocrx_word' id='word_1_166' title='bbox 521 1858 893 1931; x_wconf 84' lang='lat' dir='ltr'>(cartilaginea,</span> <span class='ocrx_word' id='word_1_167' title='bbox 948 1858 1386 1931; x_wconf 60' lang='grc' dir='ltr'>τΚ1101Ῥο11150110’)</span> <span class='ocrx_word' id='word_1_168' title='bbox 1431 1866 1650 1913; x_wconf 86' lang='lat' dir='ltr'>refertur</span> <span class='ocrx_word' id='word_1_169' title='bbox 1701 1869 1865 1927; x_wconf 78' lang='grc' dir='ltr'><em>ψῆττα</em></span> <span class='ocrx_word' id='word_1_170' title='bbox 1915 1863 1981 1911; x_wconf 90' lang='lat' dir='ltr'>ab</span> 
     </span>
    </p>

    <p class='ocr_par' dir='ltr' id='par_1_3' title="bbox 288 1938 1977 2014">
     <span class='ocr_line' id='line_1_23' title="bbox 288 1938 1977 2014; baseline -0.002 -20"><span class='ocrx_word' id='word_1_171' title='bbox 288 1946 559 1994; x_wconf 85' lang='lat' dir='ltr'>Aristotele</span> <span class='ocrx_word' id='word_1_172' title='bbox 599 1943 652 1994; x_wconf 83' lang='grc' dir='ltr'>ἐν</span> <span class='ocrx_word' id='word_1_173' title='bbox 690 1947 756 2014; x_wconf 81' lang='grc' dir='ltr'>τῷ</span> <span class='ocrx_word' id='word_1_174' title='bbox 793 1943 906 2010; x_wconf 84' lang='grc' dir='ltr'><em>περὶ</em></span> <span class='ocrx_word' id='word_1_175' title='bbox 945 1946 1132 2003; x_wconf 84' lang='grc' dir='ltr'><em>ζωικῶν</em></span> <span class='ocrx_word' id='word_1_176' title='bbox 1171 1939 1313 2011; x_wconf 86' lang='lat' dir='ltr'>(Ath.</span> <span class='ocrx_word' id='word_1_177' title='bbox 1347 1946 1447 1993; x_wconf 91' lang='lat' dir='ltr'>VII</span> <span class='ocrx_word' id='word_1_178' title='bbox 1480 1947 1643 2008; x_wconf 89' lang='grc'>3303,</span> <span class='ocrx_word' id='word_1_179' title='bbox 1682 1962 1729 2007; x_wconf 90' lang='lat' dir='ltr'>p.</span> <span class='ocrx_word' id='word_1_180' title='bbox 1767 1946 1872 1994; x_wconf 86' lang='lat'>295</span> <span class='ocrx_word' id='word_1_181' title='bbox 1890 1938 1977 2011; x_wconf 81' lang='lat' dir='ltr'>R)</span> 
     </span>
    </p>

    <p class='ocr_par' dir='ltr' id='par_1_4' title="bbox 285 2019 1975 2094">
     <span class='ocr_line' id='line_1_24' title="bbox 285 2019 1975 2094; baseline -0.001 -20"><span class='ocrx_word' id='word_1_182' title='bbox 285 2024 358 2076; x_wconf 83' lang='lat' dir='ltr'>Cf.</span> <span class='ocrx_word' id='word_1_183' title='bbox 397 2027 531 2075; x_wconf 87' lang='lat' dir='ltr'>infra</span> <span class='ocrx_word' id='word_1_184' title='bbox 574 2027 732 2089; x_wconf 85' lang='lat' dir='ltr'>praef.</span> <span class='ocrx_word' id='word_1_185' title='bbox 769 2027 836 2075; x_wconf 88' lang='lat' dir='ltr'>ad</span> <span class='ocrx_word' id='word_1_186' title='bbox 873 2026 1131 2076; x_wconf 88' lang='lat' dir='ltr'>Archestr.</span> <span class='ocrx_word' id='word_1_187' title='bbox 1202 2027 1474 2088; x_wconf 85' lang='lat' dir='ltr'>Epitheton</span> <span class='ocrx_word' id='word_1_188' title='bbox 1521 2025 1848 2094; x_wconf 81' lang='grc' dir='ltr'><em>μιλτοπάρῃος</em></span> <span class='ocrx_word' id='word_1_189' title='bbox 1888 2019 1975 2091; x_wconf 87' lang='lat' dir='ltr'>(cf.</span> 
     </span>
    </p>

    <p class='ocr_par' dir='ltr' id='par_1_5' title="bbox 285 2101 2026 2253">
     <span class='ocr_line' id='line_1_25' title="bbox 286 2101 1978 2174; baseline -0.001 -19"><span class='ocrx_word' id='word_1_190' title='bbox 286 2108 519 2156; x_wconf 87' lang='lat' dir='ltr'>Eustath.</span> <span class='ocrx_word' id='word_1_191' title='bbox 561 2110 688 2168; x_wconf 85' lang='lat'>310,</span> <span class='ocrx_word' id='word_1_192' title='bbox 733 2101 827 2174; x_wconf 88' lang='lat'>30)</span> <span class='ocrx_word' id='word_1_193' title='bbox 876 2108 1060 2156; x_wconf 86' lang='lat' dir='ltr'>alludit</span> <span class='ocrx_word' id='word_1_194' title='bbox 1105 2109 1168 2156; x_wconf 89' lang='lat' dir='ltr'>ad</span> <span class='ocrx_word' id='word_1_195' title='bbox 1210 2123 1517 2169; x_wconf 87' lang='lat' dir='ltr'>purpureum</span> <span class='ocrx_word' id='word_1_196' title='bbox 1555 2107 1700 2154; x_wconf 91' lang='lat' dir='ltr'>mulli</span> <span class='ocrx_word' id='word_1_197' title='bbox 1739 2108 2023 2155; x_wconf 88' lang='lat' dir='ltr'>colorem·</span> 
     </span>
     <span class='ocr_line' id='line_1_26' title="bbox 285 2186 1975 2253; baseline -0.001 -17"><span class='ocrx_word' id='word_1_198' title='bbox 285 2188 517 2238; x_wconf 88' lang='lat' dir='ltr'>similiter</span> <span class='ocrx_word' id='word_1_199' title='bbox 555 2188 789 2237; x_wconf 85' lang='lat' dir='ltr'>Cratinus</span> <span class='ocrx_word' id='word_1_200' title='bbox 828 2186 1146 2253; x_wconf 79' lang='grc' dir='ltr'><em>ερυθρόχρων</em></span> <span class='ocrx_word' id='word_1_201' title='bbox 1183 2187 1380 2253; x_wconf 80' lang='grc' dir='ltr'><em>τρίγλην</em></span> <span class='ocrx_word' id='word_1_202' title='bbox 1417 2188 1444 2236; x_wconf 92' lang='grc' dir='ltr'>Ι</span> <span class='ocrx_word' id='word_1_203' title='bbox 1483 2189 1553 2236; x_wconf 90' lang='grc'>80</span> <span class='ocrx_word' id='word_1_204' title='bbox 1593 2186 1756 2250; x_wconf 87' lang='lat' dir='ltr'>Kock,</span> <span class='ocrx_word' id='word_1_205' title='bbox 1775 2186 1975 2234; x_wconf 70' lang='lat' dir='ltr'>‘Nausi-</span> 
     </span>
    </p>

    <p class='ocr_par' dir='ltr' id='par_1_6' title="bbox 231 2225 2038 2983">
     <span class='ocr_line' id='line_1_27' title="bbox 285 2225 1982 2335; baseline -0.001 -17"><span class='ocrx_word' id='word_1_206' title='bbox 285 2271 448 2318; x_wconf 87' lang='lat' dir='ltr'>crates</span> <span class='ocrx_word' id='word_1_207' title='bbox 488 2268 544 2318; x_wconf 84' lang='grc' dir='ltr'>αἱ</span> <span class='ocrx_word' id='word_1_208' title='bbox 578 2268 915 2335; x_wconf 81' lang='grc' dir='ltr'><em>ξανθόχρωτες</em></span> <span class='ocrx_word' id='word_1_209' title='bbox 953 2269 1027 2317; x_wconf 91' lang='lat' dir='ltr'>IV</span> <span class='ocrx_word' id='word_1_210' title='bbox 1067 2270 1176 2318; x_wconf 85' lang='lat'>575</span> <span class='ocrx_word' id='word_1_211' title='bbox 1217 2268 1381 2332; x_wconf 66' lang='lat' dir='ltr'>Mein,</span> <span class='ocrx_word' id='word_1_212' title='bbox 1423 2266 1548 2329; x_wconf 89' lang='lat' dir='ltr'>Opp.</span> <span class='ocrx_word' id='word_1_213' title='bbox 1578 2267 1693 2317; x_wconf 88' lang='lat' dir='ltr'>Hal.</span> <span class='ocrx_word' id='word_1_214' title='bbox 1736 2225 1842 2316; x_wconf 89' lang='grc'>130</span> <span class='ocrx_word' id='word_1_215' title='bbox 1878 2284 1982 2332; x_wconf 76' lang='grc' dir='ltr'><em>τρι·</em></span> 
     </span>
     <span class='ocr_line' id='line_1_28' title="bbox 284 2339 2026 2415; baseline -0.002 -17"><span class='ocrx_word' id='word_1_216' title='bbox 284 2353 404 2415; x_wconf 74' lang='grc' dir='ltr'>γλῆς</span> <span class='ocrx_word' id='word_1_217' title='bbox 451 2347 693 2415; x_wconf 76' lang='grc' dir='ltr'><em>ροδόχροα</em></span> <span class='ocrx_word' id='word_1_218' title='bbox 738 2353 898 2414; x_wconf 77' lang='grc' dir='ltr'><em>φῦλα,</em></span> <span class='ocrx_word' id='word_1_219' title='bbox 953 2349 1095 2400; x_wconf 88' lang='lat' dir='ltr'>Ovid.</span> <span class='ocrx_word' id='word_1_220' title='bbox 1146 2349 1259 2398; x_wconf 90' lang='lat' dir='ltr'>Hal.</span> <span class='ocrx_word' id='word_1_221' title='bbox 1315 2339 1418 2397; x_wconf 80' lang='lat'>123</span> <span class='ocrx_word' id='word_1_222' title='bbox 1468 2343 1676 2397; x_wconf 73' lang='lat' dir='ltr'>‘suffuso</span> <span class='ocrx_word' id='word_1_223' title='bbox 1732 2348 1977 2409; x_wconf 85' lang='lat' dir='ltr'>sanguine</span> <span class='ocrx_word' id='word_1_224' title='bbox 2018 2355 2026 2414; x_wconf 54' lang='lat' dir='ltr'>j</span> 
     </span>
     <span class='ocr_line' id='line_1_29' title="bbox 285 2425 2026 2492; baseline -0.001 -14"><span class='ocrx_word' id='word_1_225' title='bbox 285 2426 509 2481; x_wconf 85' lang='lat' dir='ltr'>mullus&#39;.</span> <span class='ocrx_word' id='word_1_226' title='bbox 598 2425 667 2482; x_wconf 84' lang='lat' dir='ltr'>V.</span> <span class='ocrx_word' id='word_1_227' title='bbox 724 2426 801 2480; x_wconf 76' lang='lat'>28</span> <span class='ocrx_word' id='word_1_228' title='bbox 853 2432 1056 2482; x_wconf 84' lang='lat' dir='ltr'>videtur</span> <span class='ocrx_word' id='word_1_229' title='bbox 1107 2430 1270 2478; x_wconf 89' lang='lat' dir='ltr'>Matro</span> <span class='ocrx_word' id='word_1_230' title='bbox 1334 2444 1445 2476; x_wconf 93' lang='lat' dir='ltr'>eam</span> <span class='ocrx_word' id='word_1_231' title='bbox 1509 2428 1649 2492; x_wconf 89' lang='lat' dir='ltr'>sequi</span> <span class='ocrx_word' id='word_1_232' title='bbox 1708 2429 1978 2476; x_wconf 87' lang='lat' dir='ltr'>lectionem</span> <span class='ocrx_word' id='word_1_233' title='bbox 2012 2428 2026 2456; x_wconf 51' lang='lat'>“²</span> 
     </span>
     <span class='ocr_line' id='line_1_30' title="bbox 231 2502 2038 2609; baseline -0.001 -50"><span class='ocrx_word' id='word_1_234' title='bbox 231 2519 233 2521; x_wconf 83' lang='grc'><strong>’</strong></span> <span class='ocrx_word' id='word_1_235' title='bbox 283 2510 459 2559; x_wconf 86' lang='lat' dir='ltr'>Iliadis</span> <span class='ocrx_word' id='word_1_236' title='bbox 502 2512 563 2559; x_wconf 88' lang='lat' dir='ltr'><strong><em>H</em></strong></span> <span class='ocrx_word' id='word_1_237' title='bbox 597 2513 700 2562; x_wconf 82' lang='grc'>732</span> <span class='ocrx_word' id='word_1_238' title='bbox 749 2526 900 2573; x_wconf 90' lang='lat' dir='ltr'>quam</span> <span class='ocrx_word' id='word_1_239' title='bbox 943 2510 1133 2558; x_wconf 88' lang='lat' dir='ltr'>habent</span> <span class='ocrx_word' id='word_1_240' title='bbox 1177 2509 1411 2558; x_wconf 88' lang='lat' dir='ltr'>Larochii</span> <span class='ocrx_word' id='word_1_241' title='bbox 1455 2508 1572 2558; x_wconf 87' lang='lat' dir='ltr'>libri</span> <span class='ocrx_word' id='word_1_242' title='bbox 1612 2507 1659 2557; x_wconf 74' lang='lat' dir='ltr'><em>G</em></span> <span class='ocrx_word' id='word_1_243' title='bbox 1682 2509 1732 2556; x_wconf 89' lang='lat' dir='ltr'><em>L</em></span> <span class='ocrx_word' id='word_1_244' title='bbox 1781 2502 1977 2575; x_wconf 52' lang='lat' dir='ltr'>(dmm</span> <span class='ocrx_word' id='word_1_245' title='bbox 2006 2536 2038 2609; x_wconf 72' lang='grc'>,,</span> 
     </span>
     <span class='ocr_line' id='line_1_31' title="bbox 284 2582 2038 2684; baseline -0.001 -44"><span class='ocrx_word' id='word_1_246' title='bbox 284 2593 407 2640; x_wconf 87' lang='lat' dir='ltr'>item</span> <span class='ocrx_word' id='word_1_247' title='bbox 443 2591 498 2639; x_wconf 91' lang='lat' dir='ltr'>in</span> <span class='ocrx_word' id='word_1_248' title='bbox 533 2593 605 2640; x_wconf 92' lang='lat' dir='ltr'>A:</span> <span class='ocrx_word' id='word_1_249' title='bbox 651 2588 705 2639; x_wconf 80' lang='grc' dir='ltr'>ἐν</span> <span class='ocrx_word' id='word_1_250' title='bbox 743 2588 872 2660; x_wconf 79' lang='grc' dir='ltr'><em>αλλῳ</em></span> <span class='ocrx_word' id='word_1_251' title='bbox 910 2584 1096 2657; x_wconf 78' lang='grc' dir='ltr'><em>ἔπεχε);</em></span> <span class='ocrx_word' id='word_1_252' title='bbox 1145 2590 1299 2639; x_wconf 86' lang='lat' dir='ltr'>ceteri</span> <span class='ocrx_word' id='word_1_253' title='bbox 1337 2587 1502 2654; x_wconf 83' lang='grc' dir='ltr'><em>ε’φεπε.</em></span> <span class='ocrx_word' id='word_1_254' title='bbox 1577 2588 1675 2637; x_wconf 82' lang='lat' dir='ltr'>Sed</span> <span class='ocrx_word' id='word_1_255' title='bbox 1719 2589 1782 2639; x_wconf 89' lang='lat' dir='ltr'>cf.</span> <span class='ocrx_word' id='word_1_256' title='bbox 1821 2582 2038 2684; x_wconf 43' lang='grc'>01131114,</span> 
     </span>
     <span class='ocr_line' id='line_1_32' title="bbox 291 2641 1977 2734; baseline -0.002 -13"><span class='ocrx_word' id='word_1_257' title='bbox 291 2675 335 2721; x_wconf 91' lang='grc' dir='ltr'><em>Τ</em></span> <span class='ocrx_word' id='word_1_258' title='bbox 376 2674 462 2722; x_wconf 84' lang='grc'>24.</span> <span class='ocrx_word' id='word_1_259' title='bbox 543 2671 697 2721; x_wconf 82' lang='grc' dir='ltr'>Νο1111</span> <span class='ocrx_word' id='word_1_260' title='bbox 742 2641 954 2734; x_wconf 79' lang='lat' dir='ltr'>denique</span> <span class='ocrx_word' id='word_1_261' title='bbox 1001 2673 1164 2720; x_wconf 89' lang='lat' dir='ltr'>celare</span> <span class='ocrx_word' id='word_1_262' title='bbox 1216 2671 1453 2722; x_wconf 87' lang='lat' dir='ltr'>lectorem</span> <span class='ocrx_word' id='word_1_263' title='bbox 1503 2670 1667 2719; x_wconf 89' lang='lat' dir='ltr'>locum</span> <span class='ocrx_word' id='word_1_264' title='bbox 1722 2668 1977 2733; x_wconf 83' lang='lat' dir='ltr'>Odysseae</span> 
     </span>
     <span class='ocr_line' id='line_1_33' title="bbox 286 2743 2038 2816; baseline -0.002 -14"><span class='ocrx_word' id='word_1_265' title='bbox 286 2771 314 2815; x_wconf 85' lang='grc' dir='ltr'><strong><em>ρ</em></strong></span> <span class='ocrx_word' id='word_1_266' title='bbox 354 2755 463 2803; x_wconf 85' lang='grc'>410</span> <span class='ocrx_word' id='word_1_267' title='bbox 501 2770 649 2816; x_wconf 90' lang='lat' dir='ltr'>quem</span> <span class='ocrx_word' id='word_1_268' title='bbox 686 2754 946 2803; x_wconf 86' lang='lat' dir='ltr'>Kaibelius</span> <span class='ocrx_word' id='word_1_269' title='bbox 986 2752 1276 2802; x_wconf 87' lang='lat' dir='ltr'>dubitanter</span> <span class='ocrx_word' id='word_1_270' title='bbox 1314 2752 1517 2815; x_wconf 84' lang='lat' dir='ltr'>adiecit3</span> <span class='ocrx_word' id='word_1_271' title='bbox 1562 2751 1616 2798; x_wconf 89' lang='lat' dir='ltr'>in</span> <span class='ocrx_word' id='word_1_272' title='bbox 1659 2753 1805 2799; x_wconf 84' lang='lat' dir='ltr'>tanta</span> <span class='ocrx_word' id='word_1_273' title='bbox 1842 2750 1975 2798; x_wconf 80' lang='lat' dir='ltr'>enim</span> <span class='ocrx_word' id='word_1_274' title='bbox 2011 2743 2038 2804; x_wconf 56' lang='lat'>,2¹</span> 
     </span>
     <span class='ocr_line' id='line_1_34' title="bbox 286 2831 1979 2896; baseline -0.001 -16"><span class='ocrx_word' id='word_1_275' title='bbox 286 2833 530 2883; x_wconf 74' lang='lat' dir='ltr'>Mati-onis</span> <span class='ocrx_word' id='word_1_276' title='bbox 594 2834 869 2884; x_wconf 87' lang='lat' dir='ltr'>carminum</span> <span class='ocrx_word' id='word_1_277' title='bbox 920 2834 1285 2883; x_wconf 87' lang='lat' dir='ltr'>homericorum</span> <span class='ocrx_word' id='word_1_278' title='bbox 1337 2831 1619 2896; x_wconf 81' lang='lat' dir='ltr'>cognitione</span> <span class='ocrx_word' id='word_1_279' title='bbox 1673 2831 1782 2893; x_wconf 89' lang='lat' dir='ltr'>quis</span> <span class='ocrx_word' id='word_1_280' title='bbox 1835 2845 1979 2892; x_wconf 86' lang='lat' dir='ltr'>prae-</span> 
     </span>
     <span class='ocr_line' id='line_1_35' title="bbox 287 2912 2021 2983; baseline 0.001 -21"><span class='ocrx_word' id='word_1_281' title='bbox 287 2913 445 2962; x_wconf 79' lang='lat' dir='ltr'>fracte</span> <span class='ocrx_word' id='word_1_282' title='bbox 475 2916 626 2977; x_wconf 85' lang='lat' dir='ltr'>neget</span> <span class='ocrx_word' id='word_1_283' title='bbox 655 2914 801 2962; x_wconf 88' lang='lat' dir='ltr'>illum</span> <span class='ocrx_word' id='word_1_284' title='bbox 833 2931 1028 2979; x_wconf 89' lang='lat' dir='ltr'>quoque</span> <span class='ocrx_word' id='word_1_285' title='bbox 1058 2931 1259 2965; x_wconf 88' lang='lat' dir='ltr'>versum</span> <span class='ocrx_word' id='word_1_286' title='bbox 1295 2912 1483 2976; x_wconf 85' lang='lat' dir='ltr'>parodo</span> <span class='ocrx_word' id='word_1_287' title='bbox 1514 2913 1836 2962; x_wconf 86' lang='lat' dir='ltr'>obversatum</span> <span class='ocrx_word' id='word_1_288' title='bbox 1867 2924 1981 2964; x_wconf 74' lang='lat' dir='ltr'>esse</span> <span class='ocrx_word' id='word_1_289' title='bbox 1999 2926 2021 2983; x_wconf 59' lang='grc' dir='ltr'>ξ,</span> 
     </span>
    </p>
   </div>
   <div class='ocr_carea' id='block_1_3' title="bbox 1987 2780 2038 3140">
    <p class='ocr_par' dir='ltr' id='par_1_7' title="bbox 1987 2780 2038 3140">
     <span class='ocr_line' id='line_1_36' title="bbox 1987 2780 2038 3018; baseline 0 0"><span class='ocrx_word' id='word_1_290' title='bbox 1987 2780 2038 3018; x_wconf 95' lang='lat' dir='ltr'>  </span> 
     </span>
     <span class='ocr_line' id='line_1_37' title="bbox 1987 3018 2038 3140; baseline 0 0"><span class='ocrx_word' id='word_1_291' title='bbox 1987 3018 2038 3140; x_wconf 95' lang='lat' dir='ltr'> </span> 
     </span>
    </p>
   </div>
  </div>
 </body>
</html>
