2038 3140
816 135 878 142 —
960 104 1030 157 20
1108 134 1176 141 —-
1506 120 1838 155 BATRACHOM.

34 256 116 297 190
150 239 331 291 ὕπνου
374 235 682 305 δευομένην
722 236 824 289 οὐκ
863 241 1055 288 εἴασαν
1094 237 1476 305 θορυβοῦντες

154 322 276 379 οὐδ’
316 327 506 394 ὀλίγον
545 333 871 393 καταμῦσαι·
914 325 1018 392 ἐγὼ
1061 322 1110 376 δ’
1150 325 1359 385 ἄυπνος
1397 325 1745 391 κατεκείμην,

154 417 255 482 τὴν
295 415 542 482 κεφαλὴν
583 413 853 480 ἀλγοῦσα,
895 411 996 474 ἕως
1036 412 1267 479 ἐβόησεν
1309 410 1587 480 ἀλέκτωρ]
1867 425 1931 456 170

154 502 270 555 ἀλλ’
312 504 409 570 ἄγε
450 502 832 570 φεισώμεσθα,
872 502 1025 568 θεοί,
1065 501 1349 552 τούτοισιν
1389 499 1640 569 ἀρήγειν,

155 594 250 660 [μή
291 593 362 644 νύ
402 610 483 653 τις
521 590 728 658 ἡμείων
765 595 958 660 τρωθῇ
998 587 1145 656 βέλει
1185 587 1454 651 ὀξυόεντι·

36 694 118 736 195
153 679 258 732 εἰσὶ
298 681 403 749 γὰρ
446 677 766 748 ἀγχέμαχοι,
807 677 900 730 καὶ
940 679 991 730 εί
1026 679 1162 739 θεὸς
1201 676 1390 739 ἀντίος
1428 678 1632 742 έλθοι·]

157 769 355 831 πάντες
395 764 446 821 δ’
484 769 802 838 οὐρανόθεν
840 767 1171 837 τερπώμεθα
1213 768 1375 836 δῆριν
1417 765 1666 828 ὁρῶντες.

216 856 318 920 ἹΩς
357 855 443 927 ἄρ’
483 859 616 926 ἔφη,
657 863 720 925 τῇ
763 852 813 908 δ’
852 853 971 908 αὖτ’
1010 856 1369 908 έπεπείθοντο
1410 852 1536 906 θεοὶ
1576 854 1733 905 ἄλλοι
1872 864 1933 897 175

161 945 363 1007 πάντες
404 945 569 1014 ὁμῶς·
613 946 669 997 οἱ
706 940 756 996 δ’
794 941 975 1012 ἦλθον
1016 943 1236 1007 ἀολλέες
1275 944 1353 1005 εἰς
1392 942 1489 995 ἕνα
1528 949 1725 1010 χῶρον.

157 1031 251 1085 καὶ
290 1034 410 1084 τότε
449 1033 734 1100 κώνωπες,
776 1033 1014 1101 μεγάλας
1054 1031 1354 1099 σάλπιγγας
1394 1032 1609 1098 ἔχοντες

36 1135 123 1176 200
159 1122 347 1174 δεινὸν
387 1121 718 1187 ε’σάλπιγξαν
759 1119 1003 1188 πολέμου
1041 1121 1269 1171 κτύπον·
1313 1119 1629 1187 οὐρανόθεν
1671 1115 1731 1170 δὲ

157 1212 297 1271 Ζεὺς
335 1210 617 1278 Κρονίδης
657 1211 954 1278 βρόντησε,
993 1208 1153 1279 τέρας
1192 1205 1453 1275 πολέμοιο
1493 1215 1698 1260 κακοῖο.

702 1369 901 1402 HOMERI
940 1368 1062 1401 LOCI
1101 1367 1299 1400 SIMILES

160 1440 243 1479 190
278 1437 437 1491 θυμοῦ
469 1433 760 1490 δευόμενον*
797 1436 838 1476 Τ
859 1439 944 1478 472

161 1506 243 1545 193
277 1499 394 1543 ἀλλὰ
425 1498 616 1556 τάχιστα
645 1502 649 1556 Ι
678 1501 1001 1557 παυσώμεσθα
1033 1499 1182 1557 μάχης
1216 1501 1255 1542 Φ
1279 1505 1364 1544 466
1385 1513 1450 1554 sq.

162 1571 247 1611 194
282 1565 407 1623 ἔγχεϊ
436 1565 681 1619 ὀξυόεντι*
715 1570 754 1610 Ε
780 1573 836 1611 50

162 1637 247 1677 195
281 1632 330 1684 ὅς
360 1649 429 1683 τις
459 1640 541 1676 τοῦ
574 1632 618 1689 γ’
647 1634 804 1683 ἀντίος
839 1631 1005 1677 ἔλθοι*
1039 1635 1079 1676 Ε
1105 1637 1188 1677 301

280 1699 361 1742 καὶ
394 1697 439 1742 εἰ
466 1699 580 1750 θεὸς
612 1699 910 1744 ἀντιάσειεν*
941 1717 968 1743 ν
995 1705 1078 1743 292

163 1770 247 1810 196
280 1765 572 1822 ταρπώμεθα
603 1764 944 1823 κοιμηθέντες*
975 1768 1019 1809 Ω
1046 1769 1131 1810 636

163 1837 247 1876 197
281 1831 412 1875 ἄλλοι
443 1830 528 1889 μὲν
559 1831 647 1889 γὰρ
678 1831 872 1888 πάντες,
907 1832 1006 1876 ὅσοι
1036 1833 1154 1876 θεοί
1180 1829 1266 1876 εἰσ’
1297 1826 1347 1874 έν
1374 1826 1605 1890 Ὀλύμπῳ,

281 1899 360 1941 σοί
384 1896 426 1940 τ’
456 1894 786 1943 ἐπιπείθονται
817 1902 858 1943 Ε
884 1903 968 1943 877
987 1913 1085 1954 sqq.

165 1968 247 2008 198
280 1963 452 2015 πάντες
470 1964 623 2022 ὁμῶς*
647 1975 686 2021 ψ
704 1971 788 2010 332
851 1967 1038 2022 μίμνετε
1058 1963 1104 2008 δ’
1125 1964 1254 2009 ἄλλοι
1270 1963 1443 2014 πάντες
1467 1960 1681 2013 ἀολλέες*
1711 1964 1754 2005 Τ
1767 1966 1849 2006 190

285 2029 331 2074 οἳ
362 2029 408 2073 δ’
438 2029 511 2075 ὅτε
544 2031 605 2086 δή
637 2029 681 2089 ῤ’
711 2028 758 2083 ἐς
789 2038 938 2089 χῶρον
972 2029 1056 2076 ἕνα
1087 2029 1323 2084 ξυνιόντες
1355 2031 1510 2074 ἵκοντο
1542 2031 1585 2071 Δ
1609 2032 1695 2072 446

165 2101 253 2143 200
286 2097 450 2154 δεινήν
480 2115 529 2142 τε
563 2098 777 2157 βροντήν,
811 2098 880 2142 ὅτ’
909 2097 994 2142 ἀπ’
1023 2095 1288 2155 οὐρανόθεν
1314 2094 1584 2153 σμαραγήσῃ
1621 2097 1660 2137 Φ
1678 2098 1760 2138 199

282 2164 404 2221 ἀμφὶ
422 2162 474 2208 δὲ
492 2163 739 2222 σάλπιγξεν
757 2164 900 2221 μέγας
918 2162 1150 2221 οὐρανός*
1177 2166 1215 2207 Φ
1233 2167 1319 2207 388
1380 2159 1600 2218 πολέμοιο
1617 2159 1753 2217 τέρας
1775 2165 1852 2205 Λ4

163 2235 247 2274 201
283 2231 441 2275 δεινὸν
460 2229 511 2275 δὲ
531 2229 752 2290 βρόντησε
771 2230 923 2288 πατὴρ
942 2231 1128 2287 ἀνδρῶν
1144 2246 1193 2274 τε
1209 2232 1339 2274 θεῶν
1355 2228 1426 2287 τέΙ
1442 2226 1632 2284 ὑψόθεν
1664 2229 1772 2272 Τ56
1784 2241 1852 2282 sq,

282 2297 398 2348 Διὸς
427 2297 564 2354 τέρας
595 2295 856 2354 αἰγιόχοιο*
888 2300 948 2341 Μ
966 2302 1051 2341 209
1142 2294 1361 2352 πολέμοιο
1393 2293 1592 2338 κακοῖο*
1622 2298 1658 2336 A
1676 2298 1763 2338 284

728 2445 760 2478 V
767 2442 983 2476 ARIETAS
1021 2442 1242 2476 LEG'PION
1247 2441 1292 2474 IS

289 2515 371 2555 192
414 2505 656 2566 ἐφώνησεν
687 2509 731 2552 L
875 2513 958 2552 193
999 2508 1303 2566 φεισώμεσθα
1337 2506 1691 2552 Stadtmueller:
1729 2523 1851 2551 παυ-

167 2570 390 2627 σώμεσθα
413 2568 469 2624 L,
503 2565 602 2611 ἀλλ’
631 2566 715 2624 ἄγε
747 2573 834 2611 νῦν
865 2567 1158 2624 παυσώμεθα
1190 2568 1235 2612 V
1323 2571 1408 2612 194
1425 2580 1491 2622 sq.
1521 2565 1630 2611 incl.
1648 2565 1849 2610 Althaus

171 2633 255 2672 194
282 2627 339 2672 νύ
364 2642 448 2684 pro
473 2626 525 2671 κε’
548 2625 759 2671 restituit
775 2625 1068 2670 Baumeister
1090 2627 1262 2683 ὑμείων
1279 2625 1324 2670 L
1384 2626 1492 2682 post
1518 2629 1602 2668 194
1626 2624 1761 2668 addit
1783 2626 1848 2669 L:

170 2686 301 2744 μήτις
331 2686 412 2730 καὶ
444 2683 581 2744 λόγχῃ
613 2691 734 2742 τυπῇ
767 2683 911 2742 δέμας
940 2682 994 2740 ’ἠὲ
1020 2686 1223 2743 μαχαίρῃ
1317 2689 1401 2729 195
1433 2679 1679 2740 έγχέμαχοι
1702 2683 1747 2726 L
1809 2682 1854 2727 εἰ

170 2745 251 2790 καὶ
277 2746 320 2788 V
377 2746 538 2790 ἀντίον
562 2744 605 2788 V
684 2749 766 2789 197
793 2740 904 2787 αὖτε
919 2745 1206 2788 πεπείθοντο
1225 2744 1268 2787 L
1353 2746 1437 2787 198
1467 2740 1639 2792 πάντες
1663 2739 1709 2785 δ’
1730 2741 1851 2798 ὁμῶς

170 2802 355 2853 ἀολλέες
385 2799 585 2859 ἤλθετον
618 2801 684 2854 εἰς
713 2803 771 2860 L,
803 2801 975 2854 πάντες
1005 2799 1052 2846 δ’
1080 2802 1200 2859 ὁμῶς
1231 2799 1415 2853 ἀολλέες
1439 2799 1659 2856 εἰσῆλθον
1691 2799 1758 2851 εἰς
1797 2800 1850 2855 V,

171 2861 371 2906 correxit
402 2861 736 2907 Stadtmueller
847 2863 963 2935 post
994 2866 1077 2907 198
1111 2860 1247 2905 addit
1276 2860 1347 2905 L:
1383 2863 1498 2904 1983,
1528 2857 1669 2903 καδδ’
1695 2853 1852 2914 ἦλθον

172 2919 370 2978 κήρυκες
392 2920 528 2978 τέρας
549 2919 769 2978 πολέμοιο
795 2936 1018 2979 φεροντες
1044 2920 1120 2977 (cf.
1146 2919 1207 2964 ad
1231 2921 1334 2976 201)
1427 2923 1513 2963 200
1538 2915 1782 2972 ε’σάλπιζον
1806 2918 1850 2963 L
