<?xml version="1.0" encoding="UTF-8"?>
<!DOCTYPE html PUBLIC "-//W3C//DTD XHTML 1.0 Transitional//EN"
    "http://www.w3.org/TR/xhtml1/DTD/xhtml1-transitional.dtd">
<html xmlns="http://www.w3.org/1999/xhtml" xml:lang="en" lang="en">
 <head>
  <title>
</title>
<meta http-equiv="Content-Type" content="text/html;charset=utf-8" />
  <meta name='ocr-system' content='tesseract 3.04.00' />
  <meta name='ocr-capabilities' content='ocr_page ocr_carea ocr_par ocr_line ocrx_word'/>
</head>
<body>
  <div class='ocr_page' id='page_1' title='image "./corpusculumpoesi01lipsuoft_0133.png"; bbox 0 0 2038 3140; ppageno 0'>
   <div class='ocr_carea' id='block_1_1' title="bbox 170 93 1209 146">
    <p class='ocr_par' dir='ltr' id='par_1_1' title="bbox 170 93 1209 146">
     <span class='ocr_line' id='line_1_1' title="bbox 170 93 1209 146; baseline -0.003 0"><span class='ocrx_word' id='word_1_1' title='bbox 170 111 415 146; x_wconf 80' lang='lat' dir='ltr'>GELENSIS</span> <span class='ocrx_word' id='word_1_2' title='bbox 811 122 878 127; x_wconf 87' lang='lat'>-—</span> <span class='ocrx_word' id='word_1_3' title='bbox 962 93 1064 144; x_wconf 78' lang='lat'>119</span> <span class='ocrx_word' id='word_1_4' title='bbox 1147 123 1209 129; x_wconf 92' lang='lat'>—</span> 
     </span>
    </p>
   </div>
   <div class='ocr_carea' id='block_1_2' title="bbox 165 228 1857 1667">
    <p class='ocr_par' dir='ltr' id='par_1_2' title="bbox 165 228 1856 1329">
     <span class='ocr_line' id='line_1_2' title="bbox 174 228 1854 293; baseline 0.002 -17"><span class='ocrx_word' id='word_1_5' title='bbox 174 245 354 277; x_wconf 87' lang='lat' dir='ltr'>nomen</span> <span class='ocrx_word' id='word_1_6' title='bbox 402 228 684 290; x_wconf 72' lang='lat' dir='ltr'>appositum</span> <span class='ocrx_word' id='word_1_7' title='bbox 734 231 811 275; x_wconf 88' lang='lat' dir='ltr'>est</span> <span class='ocrx_word' id='word_1_8' title='bbox 848 228 926 275; x_wconf 90' lang='lat' dir='ltr'>III</span> <span class='ocrx_word' id='word_1_9' title='bbox 964 245 1012 290; x_wconf 91' lang='lat' dir='ltr'>p.</span> <span class='ocrx_word' id='word_1_10' title='bbox 1054 230 1179 277; x_wconf 81' lang='lat'>850:</span> <span class='ocrx_word' id='word_1_11' title='bbox 1340 229 1391 278; x_wconf 86' lang='grc' dir='ltr'>οἱ</span> <span class='ocrx_word' id='word_1_12' title='bbox 1423 228 1595 279; x_wconf 87' lang='grc' dir='ltr'><strong><em>πολλοὶ</em></strong></span> <span class='ocrx_word' id='word_1_13' title='bbox 1640 230 1729 293; x_wconf 81' lang='grc' dir='ltr'>τὴν</span> <span class='ocrx_word' id='word_1_14' title='bbox 1768 240 1854 281; x_wconf 87' lang='grc' dir='ltr'>τοῦ</span> 
     </span>
     <span class='ocr_line' id='line_1_3' title="bbox 174 305 1855 376; baseline 0.002 -20"><span class='ocrx_word' id='word_1_15' title='bbox 174 310 359 374; x_wconf 79' lang='grc' dir='ltr'><strong><em>κιτρίου</em></strong></span> <span class='ocrx_word' id='word_1_16' title='bbox 416 308 630 371; x_wconf 79' lang='grc' dir='ltr'><strong><em>δύναμιν</em></strong></span> <span class='ocrx_word' id='word_1_17' title='bbox 684 306 939 370; x_wconf 80' lang='grc' dir='ltr'><em>ἀπήσθιον</em></span> <span class='ocrx_word' id='word_1_18' title='bbox 1002 305 1067 366; x_wconf 82' lang='grc' dir='ltr'>ὡς</span> <span class='ocrx_word' id='word_1_19' title='bbox 1121 306 1186 371; x_wconf 83' lang='grc' dir='ltr'>μὴ</span> <span class='ocrx_word' id='word_1_20' title='bbox 1242 308 1478 374; x_wconf 86' lang='grc' dir='ltr'><strong><em>πρότερον</em></strong></span> <span class='ocrx_word' id='word_1_21' title='bbox 1532 310 1771 375; x_wconf 76' lang='grc' dir='ltr'><em>φαγόντες</em></span> <span class='ocrx_word' id='word_1_22' title='bbox 1823 310 1855 376; x_wconf 76' lang='grc' dir='ltr'><strong>ἢ</strong></span> 
     </span>
     <span class='ocr_line' id='line_1_4' title="bbox 172 385 1853 459; baseline 0.002 -22"><span class='ocrx_word' id='word_1_23' title='bbox 172 390 365 449; x_wconf 82' lang='grc' dir='ltr'><strong><em>πιόντες</em></strong></span> <span class='ocrx_word' id='word_1_24' title='bbox 411 409 468 438; x_wconf 90' lang='grc' dir='ltr'>τι.</span> <span class='ocrx_word' id='word_1_25' title='bbox 562 389 879 452; x_wconf 81' lang='grc' dir='ltr'><strong><em>Πάμφιλος</em></strong></span> <span class='ocrx_word' id='word_1_26' title='bbox 935 385 978 437; x_wconf 83' lang='grc' dir='ltr'>δ’</span> <span class='ocrx_word' id='word_1_27' title='bbox 1027 388 1086 437; x_wconf 81' lang='grc' dir='ltr'>ἐν</span> <span class='ocrx_word' id='word_1_28' title='bbox 1139 394 1265 448; x_wconf 84' lang='grc' dir='ltr'><strong><em>ταῖς</em></strong></span> <span class='ocrx_word' id='word_1_29' title='bbox 1319 386 1676 459; x_wconf 68' lang='grc' dir='ltr'><strong><em>Γλώσσαις-1)</em></strong></span> <span class='ocrx_word' id='word_1_30' title='bbox 1722 388 1853 441; x_wconf 89' lang='grc' dir='ltr'>Ῥω-</span> 
     </span>
     <span class='ocr_line' id='line_1_5' title="bbox 176 468 1855 536; baseline 0.002 -18"><span class='ocrx_word' id='word_1_31' title='bbox 176 470 389 533; x_wconf 86' lang='grc' dir='ltr'><strong><em>μαίους</em></strong></span> <span class='ocrx_word' id='word_1_32' title='bbox 414 468 567 533; x_wconf 84' lang='grc' dir='ltr'><strong><em>φησὶν</em></strong></span> <span class='ocrx_word' id='word_1_33' title='bbox 593 468 710 518; x_wconf 77' lang='grc' dir='ltr'><strong><em>αὐτὸ</em></strong></span> <span class='ocrx_word' id='word_1_34' title='bbox 735 471 899 534; x_wconf 81' lang='grc' dir='ltr'><strong><em>κίτρον</em></strong></span> <span class='ocrx_word' id='word_1_35' title='bbox 922 475 1100 520; x_wconf 83' lang='grc' dir='ltr'><strong><em>καλεῖν.</em></strong></span> <span class='ocrx_word' id='word_1_36' title='bbox 1143 471 1389 533; x_wconf 87' lang='lat' dir='ltr'>Oppresso</span> <span class='ocrx_word' id='word_1_37' title='bbox 1415 477 1581 520; x_wconf 89' lang='lat' dir='ltr'>autem</span> <span class='ocrx_word' id='word_1_38' title='bbox 1607 473 1855 536; x_wconf 86' lang='lat' dir='ltr'>Pamphili</span> 
     </span>
     <span class='ocr_line' id='line_1_6' title="bbox 176 552 1853 615; baseline 0.002 -16"><span class='ocrx_word' id='word_1_39' title='bbox 176 552 373 600; x_wconf 90' lang='lat' dir='ltr'>nomine</span> <span class='ocrx_word' id='word_1_40' title='bbox 411 555 610 614; x_wconf 88' lang='lat' dir='ltr'>praeter</span> <span class='ocrx_word' id='word_1_41' title='bbox 650 567 734 600; x_wconf 88' lang='lat' dir='ltr'>eas</span> <span class='ocrx_word' id='word_1_42' title='bbox 775 567 896 614; x_wconf 86' lang='lat' dir='ltr'>quas</span> <span class='ocrx_word' id='word_1_43' title='bbox 936 568 1088 613; x_wconf 85' lang='lat' dir='ltr'>supra</span> <span class='ocrx_word' id='word_1_44' title='bbox 1125 570 1171 614; x_wconf 91' lang='lat' dir='ltr'>p.</span> <span class='ocrx_word' id='word_1_45' title='bbox 1208 554 1309 600; x_wconf 89' lang='grc'>116</span> <span class='ocrx_word' id='word_1_46' title='bbox 1351 555 1720 615; x_wconf 85' lang='lat' dir='ltr'>proposuimus,</span> <span class='ocrx_word' id='word_1_47' title='bbox 1762 556 1853 603; x_wconf 89' lang='lat' dir='ltr'>hae</span> 
     </span>
     <span class='ocr_line' id='line_1_7' title="bbox 174 633 1852 696; baseline 0.002 -16"><span class='ocrx_word' id='word_1_48' title='bbox 174 635 374 680; x_wconf 81' lang='lat' dir='ltr'>exstant</span> <span class='ocrx_word' id='word_1_49' title='bbox 412 633 610 695; x_wconf 81' lang='lat' dir='ltr'>glossae</span> <span class='ocrx_word' id='word_1_50' title='bbox 659 633 721 680; x_wconf 90' lang='lat' dir='ltr'>ad</span> <span class='ocrx_word' id='word_1_51' title='bbox 768 634 1022 680; x_wconf 85' lang='lat' dir='ltr'>latinum</span> <span class='ocrx_word' id='word_1_52' title='bbox 1070 649 1342 682; x_wconf 87' lang='lat' dir='ltr'>sermonem</span> <span class='ocrx_word' id='word_1_53' title='bbox 1386 638 1686 696; x_wconf 77' lang='lat' dir='ltr'>spectantes:</span> <span class='ocrx_word' id='word_1_54' title='bbox 1735 636 1852 683; x_wconf 88' lang='lat' dir='ltr'>Ath.</span> 
     </span>
     <span class='ocr_line' id='line_1_8' title="bbox 170 713 1854 779; baseline 0.002 -19"><span class='ocrx_word' id='word_1_55' title='bbox 170 713 250 760; x_wconf 90' lang='lat' dir='ltr'>III</span> <span class='ocrx_word' id='word_1_56' title='bbox 298 714 365 761; x_wconf 81' lang='lat'>85</span> <span class='ocrx_word' id='word_1_57' title='bbox 385 730 410 761; x_wconf 90' lang='lat' dir='ltr'>e</span> <span class='ocrx_word' id='word_1_58' title='bbox 465 714 633 761; x_wconf 88' lang='lat' dir='ltr'>adlato</span> <span class='ocrx_word' id='word_1_59' title='bbox 689 714 1036 775; x_wconf 83' lang='lat' dir='ltr'>Epicharmi</span> <span class='ocrx_word' id='word_1_60' title='bbox 1091 715 1347 762; x_wconf 84' lang='lat' dir='ltr'>Musarum</span> <span class='ocrx_word' id='word_1_61' title='bbox 1399 715 1701 777; x_wconf 90' lang='lat' dir='ltr'>fragmento:</span> <span class='ocrx_word' id='word_1_62' title='bbox 1764 714 1854 779; x_wconf 78' lang='grc' dir='ltr'>τὴν</span> 
     </span>
     <span class='ocr_line' id='line_1_9' title="bbox 168 790 1854 859; baseline 0.002 -18"><span class='ocrx_word' id='word_1_63' title='bbox 168 792 389 842; x_wconf 84' lang='grc' dir='ltr'><strong><em>τελλίναν</em></strong></span> <span class='ocrx_word' id='word_1_64' title='bbox 423 792 474 842; x_wconf 79' lang='grc' dir='ltr'>δὲ</span> <span class='ocrx_word' id='word_1_65' title='bbox 507 791 773 859; x_wconf 77' lang='grc' dir='ltr'><strong><em>λεγομένην</em></strong></span> <span class='ocrx_word' id='word_1_66' title='bbox 805 793 920 851; x_wconf 80' lang='grc' dir='ltr'><em>ἴσως</em></span> <span class='ocrx_word' id='word_1_67' title='bbox 952 794 1108 857; x_wconf 74' lang='grc' dir='ltr'><strong><em>δηλοῖ,</em></strong></span> <span class='ocrx_word' id='word_1_68' title='bbox 1145 791 1210 857; x_wconf 69' lang='grc' dir='ltr'>ἣν</span> <span class='ocrx_word' id='word_1_69' title='bbox 1234 790 1504 856; x_wconf 86' lang='grc' dir='ltr'><strong><em>Ῥωμαῖοι</em></strong></span> <span class='ocrx_word' id='word_1_70' title='bbox 1537 796 1703 858; x_wconf 85' lang='grc' dir='ltr'><strong><em>μίτλον</em></strong></span> <span class='ocrx_word' id='word_1_71' title='bbox 1742 794 1854 846; x_wconf 86' lang='grc' dir='ltr'><strong><em>ὀνο-</em></strong></span> 
     </span>
     <span class='ocr_line' id='line_1_10' title="bbox 169 872 1854 940; baseline 0.002 -18"><span class='ocrx_word' id='word_1_72' title='bbox 169 872 404 936; x_wconf 81' lang='grc' dir='ltr'><strong><em>μάζουσι,</em></strong></span> <span class='ocrx_word' id='word_1_73' title='bbox 460 876 635 923; x_wconf 89' lang='lat' dir='ltr'>deinde</span> <span class='ocrx_word' id='word_1_74' title='bbox 690 876 809 924; x_wconf 87' lang='lat' dir='ltr'>Ath.</span> <span class='ocrx_word' id='word_1_75' title='bbox 849 875 947 922; x_wconf 92' lang='lat' dir='ltr'>VII</span> <span class='ocrx_word' id='word_1_76' title='bbox 989 875 1144 923; x_wconf 70' lang='lat'>3066</span> <span class='ocrx_word' id='word_1_77' title='bbox 1192 876 1534 937; x_wconf 85' lang='lat' dir='ltr'>Epicharmi</span> <span class='ocrx_word' id='word_1_78' title='bbox 1573 877 1854 940; x_wconf 90' lang='lat' dir='ltr'>fragmento</span> 
     </span>
     <span class='ocr_line' id='line_1_11' title="bbox 170 953 1856 1021; baseline 0.002 -19"><span class='ocrx_word' id='word_1_79' title='bbox 170 958 222 1002; x_wconf 92' lang='lat' dir='ltr'>et</span> <span class='ocrx_word' id='word_1_80' title='bbox 260 955 531 1017; x_wconf 89' lang='lat' dir='ltr'>Sophronis</span> <span class='ocrx_word' id='word_1_81' title='bbox 571 957 859 1004; x_wconf 85' lang='lat' dir='ltr'>testimonio</span> <span class='ocrx_word' id='word_1_82' title='bbox 899 957 1207 1017; x_wconf 88' lang='lat' dir='ltr'>praemissis:</span> <span class='ocrx_word' id='word_1_83' title='bbox 1249 954 1346 1004; x_wconf 81' lang='grc' dir='ltr'><strong><em>ἐστὶ</em></strong></span> <span class='ocrx_word' id='word_1_84' title='bbox 1378 953 1430 1005; x_wconf 82' lang='grc' dir='ltr'>δὲ</span> <span class='ocrx_word' id='word_1_85' title='bbox 1468 956 1684 1019; x_wconf 81' lang='grc' dir='ltr'><strong><em>καρίδων</em></strong></span> <span class='ocrx_word' id='word_1_86' title='bbox 1715 954 1856 1021; x_wconf 76' lang='grc' dir='ltr'><strong><em>γένος</em></strong></span> 
     </span>
     <span class='ocr_line' id='line_1_12' title="bbox 172 1032 1854 1100; baseline 0.001 -16"><span class='ocrx_word' id='word_1_87' title='bbox 172 1032 255 1084; x_wconf 81' lang='grc' dir='ltr'>καὶ</span> <span class='ocrx_word' id='word_1_88' title='bbox 286 1035 385 1085; x_wconf 80' lang='grc' dir='ltr'>ὑπὸ</span> <span class='ocrx_word' id='word_1_89' title='bbox 409 1032 705 1100; x_wconf 86' lang='grc' dir='ltr'><strong><em>Ῥωμαίων</em></strong></span> <span class='ocrx_word' id='word_1_90' title='bbox 737 1036 892 1095; x_wconf 80' lang='grc' dir='ltr'><strong><em>οὕτως</em></strong></span> <span class='ocrx_word' id='word_1_91' title='bbox 916 1040 1191 1085; x_wconf 80' lang='grc' dir='ltr'><strong><em>καλοῦνται.</em></strong></span> <span class='ocrx_word' id='word_1_92' title='bbox 1247 1037 1431 1086; x_wconf 84' lang='lat' dir='ltr'>Contra</span> <span class='ocrx_word' id='word_1_93' title='bbox 1455 1038 1571 1087; x_wconf 84' lang='lat' dir='ltr'>Ath.</span> <span class='ocrx_word' id='word_1_94' title='bbox 1597 1038 1673 1086; x_wconf 89' lang='lat' dir='ltr'>HI</span> <span class='ocrx_word' id='word_1_95' title='bbox 1700 1040 1802 1086; x_wconf 85' lang='grc'>125</span> <span class='ocrx_word' id='word_1_96' title='bbox 1815 1039 1840 1086; x_wconf 86' lang='lat' dir='ltr'>f</span> <span class='ocrx_word' id='word_1_97' title='bbox 1844 1056 1854 1085; x_wconf 73' lang='grc' dir='ltr'><strong><em>ε</em></strong></span> 
     </span>
     <span class='ocr_line' id='line_1_13' title="bbox 169 1115 1854 1183; baseline 0.001 -18"><span class='ocrx_word' id='word_1_98' title='bbox 169 1115 282 1181; x_wconf 74' lang='grc' dir='ltr'><em>ἑξῆς</em></span> <span class='ocrx_word' id='word_1_99' title='bbox 315 1115 638 1181; x_wconf 78' lang='grc' dir='ltr'><strong><em>ἐπεισηνέχθη</em></strong></span> <span class='ocrx_word' id='word_1_100' title='bbox 669 1121 889 1176; x_wconf 81' lang='grc' dir='ltr'><strong><em>πλακοῦς</em></strong></span> <span class='ocrx_word' id='word_1_101' title='bbox 920 1115 973 1166; x_wconf 80' lang='grc' dir='ltr'>ἐκ</span> <span class='ocrx_word' id='word_1_102' title='bbox 995 1117 1231 1183; x_wconf 77' lang='grc' dir='ltr'><strong><em>γάλακτος</em></strong></span> <span class='ocrx_word' id='word_1_103' title='bbox 1264 1117 1427 1180; x_wconf 80' lang='grc' dir='ltr'><strong><em>ἰτρίων</em></strong></span> <span class='ocrx_word' id='word_1_104' title='bbox 1457 1136 1506 1167; x_wconf 87' lang='grc' dir='ltr'>τε</span> <span class='ocrx_word' id='word_1_105' title='bbox 1536 1117 1620 1167; x_wconf 85' lang='grc' dir='ltr'>καὶ</span> <span class='ocrx_word' id='word_1_106' title='bbox 1650 1116 1854 1182; x_wconf 84' lang='grc' dir='ltr'><strong><em>μέλιτος,</em></strong></span> 
     </span>
     <span class='ocr_line' id='line_1_14' title="bbox 165 1193 1856 1262; baseline -0.001 -14"><span class='ocrx_word' id='word_1_107' title='bbox 165 1193 230 1249; x_wconf 78' lang='grc' dir='ltr'>ὃν</span> <span class='ocrx_word' id='word_1_108' title='bbox 261 1194 533 1262; x_wconf 84' lang='grc' dir='ltr'><strong><em>Ῥωμαῖοι</em></strong></span> <span class='ocrx_word' id='word_1_109' title='bbox 582 1199 722 1262; x_wconf 80' lang='grc' dir='ltr'><strong><em>λῖβον</em></strong></span> <span class='ocrx_word' id='word_1_110' title='bbox 770 1202 999 1261; x_wconf 77' lang='grc' dir='ltr'><strong><em>καλοῦσι,</em></strong></span> <span class='ocrx_word' id='word_1_111' title='bbox 1054 1215 1080 1247; x_wconf 93' lang='lat' dir='ltr'>e</span> <span class='ocrx_word' id='word_1_112' title='bbox 1119 1199 1364 1247; x_wconf 88' lang='lat' dir='ltr'>cotidiano</span> <span class='ocrx_word' id='word_1_113' title='bbox 1405 1215 1501 1247; x_wconf 90' lang='lat' dir='ltr'>usu</span> <span class='ocrx_word' id='word_1_114' title='bbox 1538 1201 1856 1262; x_wconf 83' lang='lat' dir='ltr'>desumptum</span> 
     </span>
     <span class='ocr_line' id='line_1_15' title="bbox 172 1280 386 1329; baseline 0.009 -2"><span class='ocrx_word' id='word_1_115' title='bbox 172 1280 386 1329; x_wconf 75' lang='lat' dir='ltr'>videtur.</span> 
     </span>
    </p>

    <p class='ocr_par' dir='ltr' id='par_1_3' title="bbox 167 1360 1857 1667">
     <span class='ocr_line' id='line_1_16' title="bbox 280 1360 1855 1423; baseline 0.001 -15"><span class='ocrx_word' id='word_1_116' title='bbox 280 1361 351 1408; x_wconf 90' lang='lat' dir='ltr'>Ut</span> <span class='ocrx_word' id='word_1_117' title='bbox 397 1361 496 1408; x_wconf 88' lang='lat' dir='ltr'>iam</span> <span class='ocrx_word' id='word_1_118' title='bbox 546 1360 767 1408; x_wconf 87' lang='lat' dir='ltr'>breviter</span> <span class='ocrx_word' id='word_1_119' title='bbox 815 1362 1112 1420; x_wconf 87' lang='lat' dir='ltr'>argumenta</span> <span class='ocrx_word' id='word_1_120' title='bbox 1157 1360 1472 1421; x_wconf 87' lang='lat' dir='ltr'>colligamus,</span> <span class='ocrx_word' id='word_1_121' title='bbox 1528 1376 1650 1422; x_wconf 88' lang='lat' dir='ltr'>quas</span> <span class='ocrx_word' id='word_1_122' title='bbox 1689 1365 1855 1423; x_wconf 86' lang='lat' dir='ltr'>partes</span> 
     </span>
     <span class='ocr_line' id='line_1_17' title="bbox 168 1440 1855 1501; baseline 0.002 -13"><span class='ocrx_word' id='word_1_123' title='bbox 168 1441 296 1490; x_wconf 90' lang='lat' dir='ltr'>libro</span> <span class='ocrx_word' id='word_1_124' title='bbox 344 1441 444 1488; x_wconf 90' lang='lat' dir='ltr'>VII</span> <span class='ocrx_word' id='word_1_125' title='bbox 492 1443 636 1490; x_wconf 81' lang='lat' dir='ltr'>294e</span> <span class='ocrx_word' id='word_1_126' title='bbox 692 1441 940 1488; x_wconf 76' lang='lat' dir='ltr'>Athenaei</span> <span class='ocrx_word' id='word_1_127' title='bbox 994 1440 1185 1489; x_wconf 86' lang='lat' dir='ltr'>codices</span> <span class='ocrx_word' id='word_1_128' title='bbox 1241 1441 1472 1489; x_wconf 88' lang='lat' dir='ltr'>tribuunt</span> <span class='ocrx_word' id='word_1_129' title='bbox 1518 1442 1855 1501; x_wconf 85' lang='lat' dir='ltr'>Archestrato,</span> 
     </span>
     <span class='ocr_line' id='line_1_18' title="bbox 168 1517 1855 1584; baseline 0.001 -14"><span class='ocrx_word' id='word_1_130' title='bbox 168 1537 258 1570; x_wconf 87' lang='lat' dir='ltr'>eae</span> <span class='ocrx_word' id='word_1_131' title='bbox 291 1523 444 1571; x_wconf 90' lang='lat' dir='ltr'>Iubae</span> <span class='ocrx_word' id='word_1_132' title='bbox 483 1522 605 1584; x_wconf 88' lang='lat' dir='ltr'>regi,</span> <span class='ocrx_word' id='word_1_133' title='bbox 636 1517 964 1584; x_wconf 80' lang='grc' dir='ltr'><strong><em>Ὁμοιοτήτων</em></strong></span> <span class='ocrx_word' id='word_1_134' title='bbox 1004 1521 1254 1584; x_wconf 83' lang='lat' dir='ltr'>scriptori,</span> <span class='ocrx_word' id='word_1_135' title='bbox 1299 1522 1501 1583; x_wconf 85' lang='lat' dir='ltr'>egregie</span> <span class='ocrx_word' id='word_1_136' title='bbox 1541 1524 1855 1583; x_wconf 86' lang='lat' dir='ltr'>conveniunt,</span> 
     </span>
     <span class='ocr_line' id='line_1_19' title="bbox 167 1595 1857 1667; baseline 0.001 -17"><span class='ocrx_word' id='word_1_137' title='bbox 167 1603 220 1650; x_wconf 91' lang='lat' dir='ltr'>id</span> <span class='ocrx_word' id='word_1_138' title='bbox 258 1604 392 1665; x_wconf 88' lang='lat' dir='ltr'>quod</span> <span class='ocrx_word' id='word_1_139' title='bbox 429 1603 746 1666; x_wconf 89' lang='lat' dir='ltr'>intellegitur</span> <span class='ocrx_word' id='word_1_140' title='bbox 784 1619 842 1651; x_wconf 82' lang='lat' dir='ltr'>ex</span> <span class='ocrx_word' id='word_1_141' title='bbox 876 1602 996 1650; x_wconf 92' lang='lat' dir='ltr'>Ath.</span> <span class='ocrx_word' id='word_1_142' title='bbox 1020 1601 1091 1649; x_wconf 88' lang='lat' dir='ltr'>IV</span> <span class='ocrx_word' id='word_1_143' title='bbox 1122 1619 1168 1664; x_wconf 90' lang='lat' dir='ltr'>p.</span> <span class='ocrx_word' id='word_1_144' title='bbox 1197 1595 1409 1667; x_wconf 76' lang='lat' dir='ltr'>17Oe.‘2)</span> <span class='ocrx_word' id='word_1_145' title='bbox 1471 1601 1857 1651; x_wconf 85' lang='lat' dir='ltr'>Restituendum</span> 
     </span>
    </p>
   </div>
   <div class='ocr_carea' id='block_1_3' title="bbox 174 1719 527 1723">
    <p class='ocr_par' dir='ltr' id='par_1_4' title="bbox 174 1719 527 1723">
     <span class='ocr_line' id='line_1_20' title="bbox 174 1719 527 1723; baseline 0 0"><span class='ocrx_word' id='word_1_146' title='bbox 174 1719 527 1723; x_wconf 95' lang='lat' dir='ltr'> </span> 
     </span>
    </p>
   </div>
   <div class='ocr_carea' id='block_1_4' title="bbox 166 1774 1900 2956">
    <p class='ocr_par' dir='ltr' id='par_1_5' title="bbox 173 1774 1857 1903">
     <span class='ocr_line' id='line_1_21' title="bbox 293 1774 1857 1838; baseline 0.001 -16"><span class='ocrx_word' id='word_1_147' title='bbox 293 1782 336 1834; x_wconf 88' lang='lat'>1)</span> <span class='ocrx_word' id='word_1_148' title='bbox 363 1781 430 1823; x_wconf 94' lang='lat' dir='ltr'>De</span> <span class='ocrx_word' id='word_1_149' title='bbox 450 1779 587 1823; x_wconf 88' lang='lat' dir='ltr'>citrio</span> <span class='ocrx_word' id='word_1_150' title='bbox 612 1779 752 1822; x_wconf 91' lang='lat' dir='ltr'>Iuba</span> <span class='ocrx_word' id='word_1_151' title='bbox 776 1793 960 1834; x_wconf 89' lang='lat' dir='ltr'>quoque</span> <span class='ocrx_word' id='word_1_152' title='bbox 985 1777 1203 1836; x_wconf 75' lang='lat' dir='ltr'>exposuit</span> <span class='ocrx_word' id='word_1_153' title='bbox 1231 1774 1281 1822; x_wconf 81' lang='grc' dir='ltr'>ἐν</span> <span class='ocrx_word' id='word_1_154' title='bbox 1305 1784 1400 1830; x_wconf 82' lang='grc' dir='ltr'><strong><em>τοῖς</em></strong></span> <span class='ocrx_word' id='word_1_155' title='bbox 1424 1778 1531 1835; x_wconf 84' lang='grc' dir='ltr'><strong><em>περὶ</em></strong></span> <span class='ocrx_word' id='word_1_156' title='bbox 1553 1779 1728 1838; x_wconf 84' lang='grc' dir='ltr'><strong><em>Λιβύης</em></strong></span> <span class='ocrx_word' id='word_1_157' title='bbox 1752 1795 1857 1837; x_wconf 80' lang='grc' dir='ltr'>συγ-</span> 
     </span>
     <span class='ocr_line' id='line_1_22' title="bbox 173 1843 1502 1903; baseline 0 -14"><span class='ocrx_word' id='word_1_158' title='bbox 173 1844 428 1903; x_wconf 73' lang='grc' dir='ltr'><strong><em>γράμμασι,</em></strong></span> <span class='ocrx_word' id='word_1_159' title='bbox 460 1845 569 1890; x_wconf 88' lang='lat' dir='ltr'>Ath.</span> <span class='ocrx_word' id='word_1_160' title='bbox 602 1845 668 1889; x_wconf 91' lang='lat' dir='ltr'>III</span> <span class='ocrx_word' id='word_1_161' title='bbox 701 1844 811 1900; x_wconf 85' lang='lat' dir='ltr'>83b,</span> <span class='ocrx_word' id='word_1_162' title='bbox 843 1844 1042 1887; x_wconf 88' lang='lat' dir='ltr'>Mueller</span> <span class='ocrx_word' id='word_1_163' title='bbox 1071 1843 1205 1887; x_wconf 83' lang='lat' dir='ltr'>FHG</span> <span class='ocrx_word' id='word_1_164' title='bbox 1236 1844 1301 1887; x_wconf 90' lang='grc' dir='ltr'>ΙΙΙ</span> <span class='ocrx_word' id='word_1_165' title='bbox 1331 1859 1376 1900; x_wconf 89' lang='lat' dir='ltr'>p.</span> <span class='ocrx_word' id='word_1_166' title='bbox 1401 1849 1502 1889; x_wconf 83' lang='lat'>472.</span> 
     </span>
    </p>

    <p class='ocr_par' dir='ltr' id='par_1_6' title="bbox 166 1909 1900 2956">
     <span class='ocr_line' id='line_1_23' title="bbox 292 1909 1857 1967; baseline 0.001 -12"><span class='ocrx_word' id='word_1_167' title='bbox 292 1915 338 1967; x_wconf 81' lang='lat'>2)</span> <span class='ocrx_word' id='word_1_168' title='bbox 379 1911 577 1955; x_wconf 85' lang='lat' dir='ltr'>Serenus</span> <span class='ocrx_word' id='word_1_169' title='bbox 612 1909 933 1955; x_wconf 87' lang='lat' dir='ltr'>Sammonicus</span> <span class='ocrx_word' id='word_1_170' title='bbox 974 1910 1035 1953; x_wconf 90' lang='lat' dir='ltr'>ad</span> <span class='ocrx_word' id='word_1_171' title='bbox 1075 1909 1356 1967; x_wconf 74' lang='lat' dir='ltr'>Septimium</span> <span class='ocrx_word' id='word_1_172' title='bbox 1392 1911 1612 1955; x_wconf 85' lang='lat' dir='ltr'>Severum</span> <span class='ocrx_word' id='word_1_173' title='bbox 1651 1911 1857 1956; x_wconf 88' lang='lat' dir='ltr'>scribens</span> 
     </span>
     <span class='ocr_line' id='line_1_24' title="bbox 171 1975 1857 2036; baseline 0.001 -15"><span class='ocrx_word' id='word_1_174' title='bbox 171 1978 316 2034; x_wconf 90' lang='lat' dir='ltr'>(apud</span> <span class='ocrx_word' id='word_1_175' title='bbox 339 1976 631 2022; x_wconf 90' lang='lat' dir='ltr'>Macrobium</span> <span class='ocrx_word' id='word_1_176' title='bbox 657 1978 753 2022; x_wconf 87' lang='lat' dir='ltr'>Sat.</span> <span class='ocrx_word' id='word_1_177' title='bbox 779 1976 846 2020; x_wconf 91' lang='lat' dir='ltr'>III</span> <span class='ocrx_word' id='word_1_178' title='bbox 874 1982 940 2032; x_wconf 83' lang='lat'>16,</span> <span class='ocrx_word' id='word_1_179' title='bbox 968 1978 1012 2032; x_wconf 82' lang='lat'>7)</span> <span class='ocrx_word' id='word_1_180' title='bbox 1047 1975 1107 2019; x_wconf 88' lang='lat' dir='ltr'>ad</span> <span class='ocrx_word' id='word_1_181' title='bbox 1137 1976 1330 2020; x_wconf 88' lang='lat' dir='ltr'>verbum</span> <span class='ocrx_word' id='word_1_182' title='bbox 1362 1990 1465 2022; x_wconf 87' lang='lat' dir='ltr'>cum</span> <span class='ocrx_word' id='word_1_183' title='bbox 1490 1978 1606 2021; x_wconf 88' lang='lat' dir='ltr'>Iuba</span> <span class='ocrx_word' id='word_1_184' title='bbox 1637 1978 1695 2023; x_wconf 90' lang='lat' dir='ltr'>de</span> <span class='ocrx_word' id='word_1_185' title='bbox 1719 1979 1857 2036; x_wconf 86' lang='lat' dir='ltr'>galeo</span> 
     </span>
     <span class='ocr_line' id='line_1_25' title="bbox 170 2040 1856 2102; baseline 0.002 -16"><span class='ocrx_word' id='word_1_186' title='bbox 170 2043 434 2088; x_wconf 81' lang='lat' dir='ltr'>disserente</span> <span class='ocrx_word' id='word_1_187' title='bbox 459 2043 684 2088; x_wconf 85' lang='lat' dir='ltr'>concinit:</span> <span class='ocrx_word' id='word_1_188' title='bbox 719 2043 863 2100; x_wconf 77' lang='lat' dir='ltr'>‘apud</span> <span class='ocrx_word' id='word_1_189' title='bbox 889 2040 1108 2097; x_wconf 87' lang='lat' dir='ltr'>antiquos</span> <span class='ocrx_word' id='word_1_190' title='bbox 1134 2045 1291 2086; x_wconf 78' lang='lat' dir='ltr'>autem</span> <span class='ocrx_word' id='word_1_191' title='bbox 1313 2042 1364 2086; x_wconf 91' lang='lat' dir='ltr'>in</span> <span class='ocrx_word' id='word_1_192' title='bbox 1385 2042 1540 2100; x_wconf 84' lang='lat' dir='ltr'>pretio</span> <span class='ocrx_word' id='word_1_193' title='bbox 1564 2043 1707 2088; x_wconf 88' lang='lat' dir='ltr'>fuisse</span> <span class='ocrx_word' id='word_1_194' title='bbox 1736 2044 1856 2102; x_wconf 89' lang='lat' dir='ltr'>(scil.</span> 
     </span>
     <span class='ocr_line' id='line_1_26' title="bbox 170 2107 1855 2166; baseline 0.001 -14"><span class='ocrx_word' id='word_1_195' title='bbox 170 2108 505 2165; x_wconf 84' lang='lat' dir='ltr'>acipenserem)</span> <span class='ocrx_word' id='word_1_196' title='bbox 537 2122 625 2165; x_wconf 86' lang='lat' dir='ltr'>ego</span> <span class='ocrx_word' id='word_1_197' title='bbox 661 2107 945 2152; x_wconf 83' lang='lat' dir='ltr'>testimoniis</span> <span class='ocrx_word' id='word_1_198' title='bbox 986 2107 1147 2164; x_wconf 88' lang='lat' dir='ltr'>palam</span> <span class='ocrx_word' id='word_1_199' title='bbox 1185 2107 1308 2152; x_wconf 87' lang='lat' dir='ltr'>facio</span> <span class='ocrx_word' id='word_1_200' title='bbox 1352 2108 1430 2152; x_wconf 88' lang='lat' dir='ltr'>vel</span> <span class='ocrx_word' id='word_1_201' title='bbox 1461 2122 1516 2153; x_wconf 90' lang='lat' dir='ltr'>eo</span> <span class='ocrx_word' id='word_1_202' title='bbox 1547 2109 1699 2166; x_wconf 86' lang='lat' dir='ltr'>magis</span> <span class='ocrx_word' id='word_1_203' title='bbox 1731 2109 1855 2165; x_wconf 89' lang='lat' dir='ltr'>quod</span> 
     </span>
     <span class='ocr_line' id='line_1_27' title="bbox 172 2171 1900 2232; baseline 0.001 -14"><span class='ocrx_word' id='word_1_204' title='bbox 172 2174 378 2232; x_wconf 87' lang='lat' dir='ltr'>gratiam</span> <span class='ocrx_word' id='word_1_205' title='bbox 409 2174 509 2218; x_wconf 90' lang='lat' dir='ltr'>eius</span> <span class='ocrx_word' id='word_1_206' title='bbox 540 2173 678 2218; x_wconf 86' lang='lat' dir='ltr'>video</span> <span class='ocrx_word' id='word_1_207' title='bbox 712 2173 773 2218; x_wconf 87' lang='lat' dir='ltr'>ad</span> <span class='ocrx_word' id='word_1_208' title='bbox 805 2174 968 2230; x_wconf 86' lang='lat' dir='ltr'>epulas</span> <span class='ocrx_word' id='word_1_209' title='bbox 999 2171 1138 2227; x_wconf 83' lang='lat' dir='ltr'>quasi</span> <span class='ocrx_word' id='word_1_210' title='bbox 1162 2172 1456 2229; x_wconf 89' lang='lat' dir='ltr'>postliminio</span> <span class='ocrx_word' id='word_1_211' title='bbox 1478 2173 1658 2218; x_wconf 84' lang='lat' dir='ltr'>redisse</span> <span class='ocrx_word' id='word_1_212' title='bbox 1682 2174 1857 2232; x_wconf 86' lang='lat' dir='ltr'>quippe</span> <span class='ocrx_word' id='word_1_213' title='bbox 1895 2208 1900 2212; x_wconf 83' lang='grc'><strong>-</strong></span> 
     </span>
     <span class='ocr_line' id='line_1_28' title="bbox 172 2237 1856 2297; baseline 0.001 -13"><span class='ocrx_word' id='word_1_214' title='bbox 172 2240 277 2297; x_wconf 88' lang='lat' dir='ltr'>qui,</span> <span class='ocrx_word' id='word_1_215' title='bbox 326 2240 599 2297; x_wconf 85' lang='lat' dir='ltr'>dignatione</span> <span class='ocrx_word' id='word_1_216' title='bbox 638 2241 796 2284; x_wconf 82' lang='lat' dir='ltr'>vestra</span> <span class='ocrx_word' id='word_1_217' title='bbox 833 2253 939 2283; x_wconf 91' lang='lat' dir='ltr'>cum</span> <span class='ocrx_word' id='word_1_218' title='bbox 984 2237 1211 2281; x_wconf 86' lang='lat' dir='ltr'>intersum</span> <span class='ocrx_word' id='word_1_219' title='bbox 1249 2237 1463 2283; x_wconf 74' lang='lat' dir='ltr'>convivio</span> <span class='ocrx_word' id='word_1_220' title='bbox 1511 2253 1663 2295; x_wconf 89' lang='lat' dir='ltr'>sacro,</span> <span class='ocrx_word' id='word_1_221' title='bbox 1710 2240 1856 2285; x_wconf 87' lang='lat' dir='ltr'>anim—</span> 
     </span>
     <span class='ocr_line' id='line_1_29' title="bbox 171 2303 1855 2363; baseline -0.001 -12"><span class='ocrx_word' id='word_1_222' title='bbox 171 2308 415 2352; x_wconf 76' lang='lat' dir='ltr'>advertam</span> <span class='ocrx_word' id='word_1_223' title='bbox 449 2309 592 2351; x_wconf 90' lang='lat' dir='ltr'>hunc</span> <span class='ocrx_word' id='word_1_224' title='bbox 624 2306 840 2363; x_wconf 79' lang='lat' dir='ltr'>piscem</span> <span class='ocrx_word' id='word_1_225' title='bbox 872 2319 901 2349; x_wconf 89' lang='lat' dir='ltr'>a</span> <span class='ocrx_word' id='word_1_226' title='bbox 931 2303 1221 2348; x_wconf 82' lang='lat' dir='ltr'>coronatis</span> <span class='ocrx_word' id='word_1_227' title='bbox 1252 2303 1539 2349; x_wconf 84' lang='lat' dir='ltr'>ministris</span> <span class='ocrx_word' id='word_1_228' title='bbox 1572 2319 1691 2350; x_wconf 88' lang='lat' dir='ltr'>cum</span> <span class='ocrx_word' id='word_1_229' title='bbox 1714 2306 1855 2350; x_wconf 90' lang='lat' dir='ltr'>tibi-</span> 
     </span>
     <span class='ocr_line' id='line_1_30' title="bbox 168 2370 1856 2427; baseline 0 -11"><span class='ocrx_word' id='word_1_230' title='bbox 168 2372 295 2417; x_wconf 85' lang='lat' dir='ltr'>cine</span> <span class='ocrx_word' id='word_1_231' title='bbox 327 2372 673 2417; x_wconf 87' lang='lat' dir='ltr'>introferri&#39;.</span> <span class='ocrx_word' id='word_1_232' title='bbox 724 2373 853 2416; x_wconf 87' lang='lat' dir='ltr'>Haec</span> <span class='ocrx_word' id='word_1_233' title='bbox 886 2370 1028 2415; x_wconf 85' lang='lat' dir='ltr'>scribi</span> <span class='ocrx_word' id='word_1_234' title='bbox 1051 2384 1147 2414; x_wconf 90' lang='lat' dir='ltr'>non</span> <span class='ocrx_word' id='word_1_235' title='bbox 1169 2372 1423 2427; x_wconf 88' lang='lat' dir='ltr'>potuerunt</span> <span class='ocrx_word' id='word_1_236' title='bbox 1443 2370 1538 2415; x_wconf 86' lang='lat' dir='ltr'>nisi</span> <span class='ocrx_word' id='word_1_237' title='bbox 1561 2374 1670 2416; x_wconf 87' lang='lat' dir='ltr'>ante</span> <span class='ocrx_word' id='word_1_238' title='bbox 1697 2372 1856 2417; x_wconf 88' lang='lat' dir='ltr'>Severi</span> 
     </span>
     <span class='ocr_line' id='line_1_31' title="bbox 170 2436 1855 2496; baseline 0 -13"><span class='ocrx_word' id='word_1_239' title='bbox 170 2438 523 2496; x_wconf 84' lang='lat' dir='ltr'>expeditionem</span> <span class='ocrx_word' id='word_1_240' title='bbox 566 2437 889 2483; x_wconf 85' lang='lat' dir='ltr'>Britannicam</span> <span class='ocrx_word' id='word_1_241' title='bbox 933 2440 992 2495; x_wconf 85' lang='lat' dir='ltr'>(a.</span> <span class='ocrx_word' id='word_1_242' title='bbox 1033 2438 1151 2494; x_wconf 83' lang='lat'>208).</span> <span class='ocrx_word' id='word_1_243' title='bbox 1225 2436 1390 2492; x_wconf 84' lang='lat' dir='ltr'>Itaque</span> <span class='ocrx_word' id='word_1_244' title='bbox 1435 2451 1542 2481; x_wconf 89' lang='lat' dir='ltr'>cum</span> <span class='ocrx_word' id='word_1_245' title='bbox 1587 2437 1855 2483; x_wconf 82' lang='lat' dir='ltr'>Athenaeus</span> 
     </span>
     <span class='ocr_line' id='line_1_32' title="bbox 169 2503 1855 2562; baseline 0.001 -14"><span class='ocrx_word' id='word_1_246' title='bbox 169 2503 294 2549; x_wconf 89' lang='lat' dir='ltr'>libro</span> <span class='ocrx_word' id='word_1_247' title='bbox 325 2504 414 2549; x_wconf 91' lang='lat' dir='ltr'>XV</span> <span class='ocrx_word' id='word_1_248' title='bbox 443 2520 488 2562; x_wconf 85' lang='lat' dir='ltr'>p.</span> <span class='ocrx_word' id='word_1_249' title='bbox 515 2505 636 2550; x_wconf 81' lang='lat' dir='ltr'><strong>686f</strong></span> <span class='ocrx_word' id='word_1_250' title='bbox 667 2503 861 2562; x_wconf 89' lang='lat' dir='ltr'>Ulpiani</span> <span class='ocrx_word' id='word_1_251' title='bbox 892 2503 1074 2547; x_wconf 91' lang='lat' dir='ltr'>obitum</span> <span class='ocrx_word' id='word_1_252' title='bbox 1106 2504 1436 2548; x_wconf 86' lang='lat' dir='ltr'>commemoret</span> <span class='ocrx_word' id='word_1_253' title='bbox 1469 2517 1511 2548; x_wconf 94' lang='lat' dir='ltr'>a.</span> <span class='ocrx_word' id='word_1_254' title='bbox 1546 2509 1630 2550; x_wconf 79' lang='lat'>228</span> <span class='ocrx_word' id='word_1_255' title='bbox 1662 2518 1692 2548; x_wconf 92' lang='lat' dir='ltr'>a</span> <span class='ocrx_word' id='word_1_256' title='bbox 1721 2517 1855 2561; x_wconf 87' lang='lat' dir='ltr'>prae·</span> 
     </span>
     <span class='ocr_line' id='line_1_33' title="bbox 175 2567 1856 2628; baseline 0 -14"><span class='ocrx_word' id='word_1_257' title='bbox 175 2569 371 2616; x_wconf 82' lang='lat' dir='ltr'>torianis</span> <span class='ocrx_word' id='word_1_258' title='bbox 413 2570 558 2615; x_wconf 88' lang='lat' dir='ltr'>occisi</span> <span class='ocrx_word' id='word_1_259' title='bbox 605 2570 680 2627; x_wconf 87' lang='lat' dir='ltr'>(cf.</span> <span class='ocrx_word' id='word_1_260' title='bbox 720 2568 930 2614; x_wconf 89' lang='lat' dir='ltr'>Kaibelii</span> <span class='ocrx_word' id='word_1_261' title='bbox 970 2568 1117 2626; x_wconf 85' lang='lat' dir='ltr'>praef.</span> <span class='ocrx_word' id='word_1_262' title='bbox 1157 2569 1218 2613; x_wconf 92' lang='lat' dir='ltr'>ad</span> <span class='ocrx_word' id='word_1_263' title='bbox 1248 2567 1355 2613; x_wconf 89' lang='lat' dir='ltr'>Ath.</span> <span class='ocrx_word' id='word_1_264' title='bbox 1398 2583 1443 2626; x_wconf 88' lang='lat' dir='ltr'>p.</span> <span class='ocrx_word' id='word_1_265' title='bbox 1469 2569 1510 2614; x_wconf 91' lang='lat' dir='ltr'><strong>V</strong></span> <span class='ocrx_word' id='word_1_266' title='bbox 1527 2570 1667 2628; x_wconf 86' lang='lat' dir='ltr'>sqq.)‚</span> <span class='ocrx_word' id='word_1_267' title='bbox 1712 2570 1856 2614; x_wconf 86' lang='lat' dir='ltr'>Iubae</span> 
     </span>
     <span class='ocr_line' id='line_1_34' title="bbox 174 2634 1855 2690; baseline 0 -10"><span class='ocrx_word' id='word_1_268' title='bbox 174 2637 335 2681; x_wconf 89' lang='lat' dir='ltr'>autem</span> <span class='ocrx_word' id='word_1_269' title='bbox 379 2635 704 2682; x_wconf 89' lang='lat' dir='ltr'>testimonium</span> <span class='ocrx_word' id='word_1_270' title='bbox 741 2635 863 2681; x_wconf 88' lang='lat' dir='ltr'>libro</span> <span class='ocrx_word' id='word_1_271' title='bbox 903 2635 989 2679; x_wconf 89' lang='lat' dir='ltr'>VII</span> <span class='ocrx_word' id='word_1_272' title='bbox 1028 2634 1342 2690; x_wconf 81' lang='lat' dir='ltr'>contineatur,</span> <span class='ocrx_word' id='word_1_273' title='bbox 1388 2634 1502 2680; x_wconf 88' lang='lat' dir='ltr'>licet</span> <span class='ocrx_word' id='word_1_274' title='bbox 1545 2634 1855 2680; x_wconf 85' lang='lat' dir='ltr'>concedamus</span> 
     </span>
     <span class='ocr_line' id='line_1_35' title="bbox 170 2700 1857 2760; baseline 0 -14"><span class='ocrx_word' id='word_1_275' title='bbox 170 2702 467 2748; x_wconf 88' lang='lat' dir='ltr'>Athenaeum</span> <span class='ocrx_word' id='word_1_276' title='bbox 506 2716 592 2760; x_wconf 88' lang='lat' dir='ltr'>per</span> <span class='ocrx_word' id='word_1_277' title='bbox 628 2701 799 2760; x_wconf 85' lang='lat' dir='ltr'>viginti</span> <span class='ocrx_word' id='word_1_278' title='bbox 840 2715 985 2746; x_wconf 86' lang='lat' dir='ltr'>annos</span> <span class='ocrx_word' id='word_1_279' title='bbox 1023 2700 1075 2745; x_wconf 91' lang='lat' dir='ltr'>in</span> <span class='ocrx_word' id='word_1_280' title='bbox 1114 2713 1171 2744; x_wconf 90' lang='lat' dir='ltr'>ea</span> <span class='ocrx_word' id='word_1_281' title='bbox 1207 2702 1341 2758; x_wconf 87' lang='lat' dir='ltr'>parte</span> <span class='ocrx_word' id='word_1_282' title='bbox 1373 2700 1527 2758; x_wconf 86' lang='lat' dir='ltr'>operis</span> <span class='ocrx_word' id='word_1_283' title='bbox 1570 2700 1857 2746; x_wconf 83' lang='lat' dir='ltr'>elaboranda</span> 
     </span>
     <span class='ocr_line' id='line_1_36' title="bbox 174 2765 1855 2826; baseline -0.001 -14"><span class='ocrx_word' id='word_1_284' title='bbox 174 2770 455 2826; x_wconf 87' lang='lat' dir='ltr'>occupatum</span> <span class='ocrx_word' id='word_1_285' title='bbox 483 2768 628 2814; x_wconf 88' lang='lat' dir='ltr'>fuisse</span> <span class='ocrx_word' id='word_1_286' title='bbox 659 2782 752 2825; x_wconf 89' lang='lat' dir='ltr'>qua</span> <span class='ocrx_word' id='word_1_287' title='bbox 782 2768 873 2813; x_wconf 92' lang='lat' dir='ltr'>duo</span> <span class='ocrx_word' id='word_1_288' title='bbox 902 2767 978 2812; x_wconf 88' lang='lat' dir='ltr'>illi</span> <span class='ocrx_word' id='word_1_289' title='bbox 1001 2766 1096 2812; x_wconf 89' lang='lat' dir='ltr'>loci</span> <span class='ocrx_word' id='word_1_290' title='bbox 1118 2765 1429 2823; x_wconf 80' lang='lat' dir='ltr'>continentur,</span> <span class='ocrx_word' id='word_1_291' title='bbox 1460 2769 1620 2811; x_wconf 87' lang='lat' dir='ltr'>tamen</span> <span class='ocrx_word' id='word_1_292' title='bbox 1650 2766 1855 2811; x_wconf 82' lang='lat' dir='ltr'>Sammo-</span> 
     </span>
     <span class='ocr_line' id='line_1_37' title="bbox 166 2830 1856 2892; baseline 0 -15"><span class='ocrx_word' id='word_1_293' title='bbox 166 2833 330 2878; x_wconf 84' lang='lat' dir='ltr'>nicum</span> <span class='ocrx_word' id='word_1_294' title='bbox 378 2848 463 2879; x_wconf 82' lang='lat' dir='ltr'>sua</span> <span class='ocrx_word' id='word_1_295' title='bbox 507 2849 602 2880; x_wconf 91' lang='lat' dir='ltr'>non</span> <span class='ocrx_word' id='word_1_296' title='bbox 639 2834 848 2892; x_wconf 86' lang='lat' dir='ltr'>potuisse</span> <span class='ocrx_word' id='word_1_297' title='bbox 887 2847 943 2878; x_wconf 87' lang='lat' dir='ltr'>ex</span> <span class='ocrx_word' id='word_1_298' title='bbox 980 2833 1224 2877; x_wconf 86' lang='lat' dir='ltr'>Athenaeo</span> <span class='ocrx_word' id='word_1_299' title='bbox 1261 2831 1450 2876; x_wconf 82' lang='lat' dir='ltr'>haurire</span> <span class='ocrx_word' id='word_1_300' title='bbox 1489 2830 1604 2876; x_wconf 86' lang='lat' dir='ltr'>satis</span> <span class='ocrx_word' id='word_1_301' title='bbox 1646 2834 1856 2890; x_wconf 86' lang='lat' dir='ltr'>apparet.</span> 
     </span>
     <span class='ocr_line' id='line_1_38' title="bbox 168 2896 1854 2956; baseline -0.001 -13"><span class='ocrx_word' id='word_1_302' title='bbox 168 2897 284 2952; x_wconf 78' lang='lat' dir='ltr'>Quis</span> <span class='ocrx_word' id='word_1_303' title='bbox 312 2913 424 2944; x_wconf 83' lang='lat' dir='ltr'>vero</span> <span class='ocrx_word' id='word_1_304' title='bbox 455 2900 619 2946; x_wconf 85' lang='lat' dir='ltr'>credat</span> <span class='ocrx_word' id='word_1_305' title='bbox 640 2900 775 2945; x_wconf 88' lang='lat' dir='ltr'>illum</span> <span class='ocrx_word' id='word_1_306' title='bbox 799 2914 829 2944; x_wconf 91' lang='lat' dir='ltr'>a</span> <span class='ocrx_word' id='word_1_307' title='bbox 851 2899 969 2945; x_wconf 84' lang='lat' dir='ltr'>Iuba</span> <span class='ocrx_word' id='word_1_308' title='bbox 989 2898 1195 2956; x_wconf 87' lang='lat' dir='ltr'>pendere</span> <span class='ocrx_word' id='word_1_309' title='bbox 1218 2911 1386 2955; x_wconf 81' lang='lat' dir='ltr'>graeco</span> <span class='ocrx_word' id='word_1_310' title='bbox 1411 2896 1666 2955; x_wconf 75' lang='lat' dir='ltr'>scriptore?</span> <span class='ocrx_word' id='word_1_311' title='bbox 1710 2898 1854 2942; x_wconf 90' lang='lat' dir='ltr'>Immo</span> 
     </span>
    </p>
   </div>
  </div>
 </body>
</html>
