2038 3140
164 155 482 188 FRAGMENTA
804 164 875 172 —
955 136 981 186 1
992 135 1059 187 73
1142 165 1206 171 —

163 273 216 320 in
254 271 504 334 prooemio
544 285 694 318 cenae
732 270 873 318 bulbi
914 271 1065 319 etiam
1096 272 1228 333 apud
1260 272 1539 320 Matronem
1578 289 1622 321 v.
1660 276 1724 322 16
1767 289 1850 336 ap-

165 356 431 415 ponuntur,
496 350 790 399 Simillimus
831 354 1000 400 autem
1040 356 1118 399 est
1156 353 1295 401 locus
1327 354 1512 401 Eubuli
1550 369 1626 415 ap.
1656 354 1773 402 Ath.
1801 355 1852 402 II

166 434 279 483 63d
306 429 382 497 (II
410 433 512 481 166
540 426 703 497 Kook)
734 431 821 480 ubi
853 432 1093 481 Hercules
1133 430 1319 482 ἐσθίειν
1357 437 1677 498 παραιτεῖται;
1717 433 1851 499 κάγὼ

163 513 256 579 γὰρ
282 511 342 562 οὐ
367 516 684 561 καυλοῖσιν
709 509 825 561 οὐδὲ
843 512 1020 582 σιλφίῳ
1055 514 1062 573 Ι
1098 509 1207 562 οὐδ’
1229 512 1499 578 ἷεροσύλοις
1515 512 1853 579 καὶπικραΐς

162 594 458 658 παροψίσι
491 593 499 655 Ι
534 594 777 658 βολβοῖς
815 588 855 641 τ’
893 591 1104 657 ἐμαυτὸν
1136 595 1386 658 χορτάσων
1419 593 1649 658 ἐλήλυθα.
1709 596 1852 645 Unde

165 675 584 724 Stadtmuellerus
624 691 724 723 non
762 675 867 723 sine
907 691 1101 723 summa
1138 676 1368 724 veritatis
1401 676 1563 738 specie
1595 676 1728 738 apud
1760 676 1851 724 Ar-

164 757 475 805 chestratum
513 758 602 804 aut
641 755 956 804 scribendum
1001 757 1188 805 iudicat
1233 759 1336 814 ταῖς
1373 751 1413 803 τ’
1450 753 1616 814 ἄλλαις
1654 763 1853 824 πικρῂσι

166 837 410 900 παροψίσι
456 840 545 885 aut
593 836 923 898 supplendum
963 840 1068 895 ταῖς
1104 831 1146 884 τ’
1182 833 1351 894 ἄλλαις
1389 836 1574 905 πάσῃσι
1612 839 1853 902 παροψίσι

164 914 303 981 <ταῐς
341 917 470 981 μάλα
517 914 766 982 πικραῖς>.
839 917 1064 980 Denique
1111 917 1411 966 Philoxenus
1460 918 1852 980 dithyrambicus

163 999 222 1046 fr.
270 1001 323 1047 2:
379 996 599 1062 ἔστιλβον
647 1034 694 1046 ..
743 995 1062 1060 εὖστεφάνοις
1099 996 1334 1056 λακάναις
1371 998 1611 1061 ποροψίσι
1648 995 1689 1047 τ’
1741 997 1853 1060 ὀξυ-

166 1079 349 1144 βάφων
372 1078 586 1143 πλήρεις.
627 1079 707 1126 Ad
730 1095 776 1127 v.
798 1082 824 1127 1
854 1078 1156 1127 Ribbeekius
1182 1082 1438 1139 comparat
1461 1079 1520 1127 fr.
1536 1079 1800 1129 XXXVIII
1821 1084 1850 1131 3

167 1164 218 1209 et
257 1161 403 1209 Matr.
447 1163 512 1209 17
554 1157 649 1208 ἐῶν
687 1158 872 1223 χαίρειν
915 1157 1173 1208 Φοινίκιον
1212 1155 1358 1220 ὄψον.

278 1241 392 1290 VII.
445 1239 705 1290 Olivarum
743 1241 882 1289 loeus
922 1242 1011 1287 aut
1050 1239 1101 1286 in
1148 1241 1402 1301 prooemio
1442 1257 1590 1290 cenae
1629 1242 1726 1291 fuit
1763 1246 1854 1292 aut

163 1323 216 1370 in
265 1323 425 1385 exitu3
478 1324 571 1370 hoo
619 1322 927 1370 demonstrat
973 1320 1351 1369 narratiuncula
1396 1322 1485 1369 illa
1530 1323 1591 1370 de
1629 1322 1852 1386 Diogene

166 1402 366 1467 Cynico,
399 1419 548 1465 quam
578 1417 730 1465 supra
754 1402 904 1450 attuli
929 1402 991 1449 ad
1014 1401 1161 1449 Matr.
1187 1418 1231 1449 v.
1260 1402 1349 1463 183
1381 1402 1508 1450 illud
1530 1403 1853 1454 Mnesimachi

163 1485 223 1532 fr.
264 1501 341 1547 ap.
375 1483 494 1532 Ath.
526 1483 598 1531 IX
637 1482 785 1531 403b
826 1478 899 1547 (II
932 1484 1036 1530 437
1071 1475 1256 1547 Koek):
1296 1482 1492 1546 βολβός,
1531 1481 1665 1546 ἐλάα,
1699 1483 1706 1545 Ι
1742 1484 1854 1533 σκό-

165 1565 342 1629 ροδον,
401 1558 606 1627 καυλός,
666 1560 938 1625 κολοκύντη
991 1558 1082 1610 κτὲ.
1175 1561 1283 1610 Iam
1336 1579 1447 1611 oum
1500 1564 1853 1614 Archestratus

165 1644 393 1709 ἰσχάδας,
437 1660 560 1708 quas
600 1644 799 1693 easdem
836 1644 991 1692 fuisse
1029 1645 1179 1706 atque
1226 1641 1311 1702 τὰς
1350 1643 1673 1708 δρυπεπεπεῖς
1710 1643 1855 1706 ἐλάας

164 1730 382 1776 testatur
433 1726 677 1789 Didymus
733 1741 808 1788 ap.
857 1724 977 1772 Ath.
1023 1723 1075 1771 II
1122 1725 1190 1772 56
1204 1723 1257 1788 d,
1313 1740 1343 1773 a
1391 1726 1578 1775 mensis
1625 1726 1853 1776 secundis

165 1810 339 1856 abesse
392 1807 564 1857 iubeat
619 1801 708 1870 (fr.
746 1805 889 1853 LXII
931 1797 1054 1868 15),
1107 1807 1240 1852 recte
1296 1805 1635 1867 fragmentum
1682 1807 1780 1855 VH
1825 1823 1855 1856 a

164 1887 437 1937 Ribbeckio
476 1888 569 1936 hoc
605 1888 712 1935 loco
750 1885 968 1947 positum
1007 1888 1098 1934 est.

275 1968 413 2017 VIII.
467 1967 548 2016 Ad
586 1970 749 2016 totum
787 1967 882 2014 hoc
919 1966 1259 2029 fragmentum
1295 1967 1409 2016 vide
1455 1983 1581 2030 quae
1621 1970 1855 2019 adnotavi

166 2049 229 2098 ad
266 2050 412 2097 Matr.
455 2051 524 2098 38
543 2065 645 2111 sqq.
708 2046 889 2097 Confer
927 2047 1080 2095 etiam
1118 2047 1332 2096 Pausan.
1364 2048 1435 2096 IX
1467 2051 1552 2112 24,
1593 2052 1647 2098 2:
1687 2049 1741 2099 οἰ
1765 2047 1855 2113 μὲν

167 2127 229 2192 δὴ
270 2128 417 2193 ἰχθῦς
455 2127 508 2178 οἵ
541 2126 595 2177 ἐν
631 2133 688 2195 τῇ
727 2127 1021 2191 Κηφισίδι
1059 2121 1211 2194 (quae
1250 2127 1424 2176 eadem
1463 2133 1541 2178 est
1577 2145 1634 2178 ac
1674 2129 1853 2194 Copais

166 2204 327 2275 lacus)
375 2205 524 2258 οὐδέν
560 2226 605 2257 τι
644 2207 889 2271 διάφορον
934 2205 984 2266 ἐς
1021 2204 1200 2267 ἄλλους
1248 2206 1395 2272 ἰχθῦς
1438 2207 1554 2268 τοὺς
1599 2210 1855 2273 λιμναίους

167 2288 383 2355 ἔχουσιν·
448 2288 504 2338 αἱ
546 2285 599 2338 δὲ
646 2285 904 2354 ἐγχέλεις
950 2272 1130 2337 mmet
1174 2286 1258 2337 καὶ
1302 2285 1541 2355 μεγέθει
1587 2287 1854 2355 μέγισται

167 2367 255 2420 καὶ
293 2369 479 2420 ἐσθίειν
525 2366 648 2419 εἰσὶν
693 2367 887 2432 ἥδισται
932 2363 1044 2434 (cfr.
1085 2369 1388 2430 Kalkmann,
1435 2366 1727 2421 ‘Pausanias
1767 2373 1856 2422 der

167 2447 426 2517 Perieget'
467 2469 514 2514 p.
546 2452 618 2499 40
657 2449 768 2498 adn.
811 2443 883 2516 6).
978 2443 1048 2500 V.
1090 2445 1146 2499 6.
1200 2451 1432 2500 Κωπαῖαι
1470 2452 1621 2501 etiam
1659 2453 1854 2502 intelle-

167 2536 355 2598 guntur
402 2548 530 2596 quae
576 2529 806 2580 Βοιώτιαι
851 2526 1054 2595 ἐγχέλεις
1098 2532 1415 2594 appellantur
1459 2532 1523 2582 ab
1567 2533 1854 2596 Antiphane

168 2630 246 2678 ap.
278 2615 400 2664 Ath.
429 2613 454 2661 I
494 2612 619 2674 27d,
658 2611 758 2659 VII
788 2612 944 2673 2950,
982 2612 1101 2660 XIV
1136 2613 1284 2662 623f.
1363 2613 1503 2662 Idem
1541 2614 1854 2676 Antiphanes

168 2711 247 2759 ap.
284 2696 404 2744 Ath.
444 2695 587 2744 3000
633 2686 713 2759 (ΙΙ
750 2694 818 2741 52
860 2687 1044 2759 Kock):
1096 2691 1341 2758 Στρυμὼν
1385 2693 1608 2759 μεγίστας
1653 2691 1855 2760 ἐγχέλεις

167 2773 473 2840 κεκτημένος.
533 2768 602 2823 V.
642 2767 680 2821 9
719 2770 963 2837 ἀπήρινος
1001 2772 1183 2823 Coraes
1222 2789 1284 2822 ex
1321 2775 1618 2824 auctoritate
1657 2775 1853 2825 Aristo·

168 2857 284 2906 telis
314 2857 375 2906 A.
398 2856 460 2905 H.
483 2873 529 2919 p.
557 2855 703 2905 568a
738 2856 792 2903 6:
832 2892 842 2902 .
867 2889 879 2901 .
918 2850 1049 2916 πλὴν
1080 2850 1322 2919 ἐγχέλυος·
1361 2853 1485 2919 αὕτη
1519 2850 1564 2904 δ’
1597 2852 1855 2920 οὐδέτερον

171 2933 274 2988 οὔτ’
311 2933 411 2986 ὠὸν
449 2933 562 2986 οὔτε
598 2933 770 2999 θορόν.
1035 2954 1044 2957 ⁴
