2038 3140
816 149 884 157 —-
966 119 1070 171 172
1149 148 1215 156 -
1354 137 1637 171 ARcHnsTR.
1671 138 1859 168 HEDYP.

174 247 359 320 Kock):
410 256 555 317 μᾶζαι
595 250 638 303 δ’
685 252 846 320 ἄρτοις
886 253 1119 318 ἐμάχοντο
1165 255 1170 316 Ι
1214 252 1324 319 περὶ
1361 258 1460 312 τοῖς
1500 252 1732 316 στόμασιν
1762 258 1859 300 τῶν

174 332 460 398 ἀνθρώπων
493 335 797 384 ἱκετεύουσαι
827 336 1129 399 καταπίνειν,
1164 330 1171 402 Ι
1207 335 1257 384 εἴ
1279 354 1322 384 τι
1361 338 1551 398 φιλοῖεν
1590 333 1689 392 τὰς
1727 337 1859 381 λευ-

174 413 435 472 κοτάτας.
497 411 564 463 V.
608 409 663 465 8.
704 416 778 464 De
816 418 1028 477 panibus
1062 417 1310 465 Thebanis
1349 417 1461 465 vide
1500 416 1686 463 Eubuli
1724 415 1862 476 frag-

103 528 109 533 ·
173 498 398 543 mentum
431 496 563 557 quod
596 497 745 544 attuli
777 498 840 544 ad
870 498 1016 546 Matr.
1040 515 1086 547 v.
1115 501 1160 546 6.
1237 491 1304 545 V.
1347 491 1405 546 9.
1461 495 1561 544 Ofr.
1594 495 1859 543 Simonidis

173 577 233 625 fr.
258 592 333 638 ap.
369 576 486 624 Ath.
511 577 536 623 I
570 579 675 625 320
717 571 798 644 (fr.
827 579 894 626 88
927 578 1110 641 Bergk.
1127 572 1196 642 4):
1236 574 1383 626 οὐδὲν
1423 574 1702 640 ἀπόβλητον
1741 578 1861 623 Λιο-

175 655 368 719 νύσιον,
409 654 549 705 οὐδὲ
587 658 882 723 γίγαρτον.
945 653 1015 708 V.
1053 653 1128 707 10
1171 662 1325 721 σαφεῖ
1347 653 1453 706 τάδ’
1483 655 1707 705 ἐπίστασο
1741 655 1859 724 δόξῃ

174 738 334 800 magis
376 739 437 786 ad
476 739 759 800 pedestrem
801 755 1078 788 sermonem
1124 741 1313 788 accedit
1351 755 1500 802 quam
1541 739 1670 801 quod
1712 753 1862 799 supra

174 835 220 867 v.
255 821 283 866 2
328 834 386 866 ex
424 819 641 868 Homero
681 821 944 882 usurpavit
991 819 1051 868 σὺ
1092 816 1136 868 δ’
1175 818 1248 869 ἐνὶ
1293 818 1437 884 φρεσὶ
1482 819 1655 884 βάλλεο
1704 824 1860 886 σῇσιν.

174 892 243 948 V.
289 893 382 948 14.
440 898 537 949 Cfr.
577 901 740 949 Matro
779 918 823 949 v.
861 903 979 950 117.
1043 901 1252 950 Farinae
1290 902 1382 949 filii
1427 901 1659 949 dicuntur
1707 915 1859 961 panes

176 995 204 1027 a
246 979 489 1028 Strattide
528 997 721 1044 quoque
763 997 839 1043 ap.
871 981 988 1030 Ath.
1021 982 1098 1030 ΠΙ
1130 983 1281 1030 127d
1321 976 1369 1047 (Ι
1405 984 1505 1030 712
1541 975 1726 1044 Kock):
1765 986 1862 1028 τῶν

177 1057 229 1108 δὲ
255 1059 478 1123 διδύμων
510 1058 726 1125 ε’κγόνων
755 1061 1081 1124 σεμιδάλιδος,
1111 1063 1292 1112 collabi
1323 1069 1495 1126 πυρῶν
1520 1059 1713 1127 ἔκγονοι
1746 1063 1862 1109 sunt

174 1141 412 1203 Philyllio
454 1157 529 1203 ap.
570 1143 686 1190 Ath.
719 1142 795 1189 III
841 1142 979 1190 11οΐ
1021 1140 1066 1203 (Ι
1109 1145 1210 1191 782
1253 1136 1431 1208 Kock).
1516 1137 1585 1190 V.
1631 1136 1703 1189 15
1752 1154 1863 1190 ποῖ-

176 1220 385 1284 εύμενον
411 1222 616 1271 offendit
641 1224 683 1270 si
706 1223 871 1271 minus
888 1227 1094 1286 propter
1110 1227 1326 1271 metrum
1353 1217 1437 1290 (cf.
1454 1223 1479 1271 I
1499 1226 1524 1271 1
1546 1219 1863 1285 ποῖούμενος)

178 1305 229 1350 at
268 1305 473 1364 propter
520 1304 842 1367 sententiam3
895 1304 1067 1366 itaque
1108 1304 1484 1353 Stadtmuelleri
1531 1305 1862 1353 coniecturam

175 1383 340 1445 recepi
380 1384 441 1431 ad
482 1400 632 1447 quam
671 1385 895 1433 conferas
933 1386 1066 1433 locos
1101 1386 1375 1434 homericos
1415 1400 1537 1447 quos
1577 1384 1862 1445 subscripsi.

177 1463 346 1513 Possis
372 1466 540 1512 tamen
565 1466 715 1513 etiam
739 1466 961 1515 conicere
984 1463 1069 1514 τὸν
1086 1465 1158 1514 εἰν
1177 1464 1330 1533 ἀγορῇ
1355 1465 1671 1529 πωλεόμενον
1697 1461 1863 1529 ἄρτον,

177 1547 236 1592 ut
266 1547 540 1593 πωλεῖσθαι
571 1546 809 1594 usitatam
841 1546 1026 1595 habeat
1047 1547 1296 1596 veneundi
1322 1547 1589 1596 notionem.
1645 1545 1862 1594 Circum-

180 1626 353 1674 scribit
391 1629 540 1688 poeta
579 1623 728 1690 ἄρτον
759 1625 997 1692 ἀγοραῖον
1035 1627 1121 1689 qui
1161 1643 1259 1689 qua
1288 1628 1436 1675 laude
1466 1627 1692 1676 floruerit
1721 1627 1866 1675 docet

177 1705 408 1769 Lynceus
459 1723 537 1770 ap.
574 1707 692 1756 Ath.
732 1708 809 1756 III
858 1708 1024 1757 109d:
1074 1705 1453 1771 σεμνυνομένων
1503 1703 1619 1772 παρ’
1662 1705 1865 1764 ἐκείνοις

181 1781 617 1853 (Atheniensibus)
641 1794 738 1837 τῶν
763 1786 1011 1854 ἀγοραίων
1035 1785 1212 1853 ἄρτων,
1241 1789 1534 1851 quibuscum
1558 1788 1864 1837 Rhodiorum

78 1869 83 1872 ’
179 1865 428 1932 ἐσχαρίτης
475 1869 536 1917 de
582 1870 751 1931 palma
797 1870 1075 1918 contendat.
1157 1869 1316 1926 Quam
1361 1885 1548 1931 panum
1592 1868 1864 1916 forensium

180 1949 578 1998 aestimationem
646 1951 710 1998 ad
773 1950 1053 2012 posteriora
1113 1952 1341 2012 tempora
1401 1951 1606 1998 durasse
1673 1950 1866 2010 negant

178 2029 478 2078 Plutarchus
525 2031 586 2078 de
633 2030 907 2079 cohibenda
952 2030 1028 2077 ira
1065 2047 1114 2092 p.
1152 2031 1300 2078 461b
1350 2033 1401 2078 et
1438 2030 1675 2092 Alciphro
1715 2030 1798 2077 lib.
1838 2029 1864 2076 I

183 2126 257 2172 ep.
285 2113 349 2158 21
395 2103 508 2177 (cfr.
536 2111 701 2174 Bergl.
737 2110 799 2159 ad
829 2111 1050 2173 Alciphr.
1083 2112 1116 2160 1.
1147 2105 1228 2177 1.);
1266 2111 1413 2160 vilior
1444 2112 1575 2158 enim
1605 2114 1723 2159 tunc
1755 2112 1866 2158 erat

181 2194 231 2239 et
269 2207 446 2254 parum
479 2191 719 2240 delicatus
761 2185 844 2257 (cf.
879 2192 1152 2254 Schweigh.
1186 2191 1248 2240 ad
1280 2191 1400 2240 Ath.
1423 2192 1501 2239 III
1535 2194 1636 2240 109
1650 2184 1716 2257 e).
1778 2189 1864 2238 Ce-

181 2275 346 2320 terum
377 2273 441 2320 ad
471 2289 517 2321 v.
546 2274 611 2321 16
646 2273 730 2322 cfr.
762 2273 927 2322 Matro
959 2290 1007 2322 v.
1032 2274 1081 2321 4.
1133 2267 1202 2322 V.
1238 2266 1333 2320 17.
1373 2272 1604 2335 Diphilus
1631 2271 1863 2333 Siphnius

183 2369 259 2415 ap.
306 2353 423 2402 Ath.
463 2354 540 2402 ΠΙ
589 2354 751 2402 115e:
807 2350 833 2401 ὅ
881 2350 934 2402 δὲ
977 2353 1258 2418 κλιβανίτης
1302 2352 1482 2411 πάσαις
1526 2355 1630 2410 ταῖς
1674 2349 1865 2415 ἀρεταῖς

181 2433 443 2497 περιττεύει
479 2432 571 2483 κτὲ.
639 2434 1067 2483 Commemoratur
1105 2436 1168 2483 ab
1200 2435 1428 2498 Amipsia
1467 2427 1515 2499 (I
1548 2435 1647 2481 671
1685 2424 1864 2497 Koch),

182 2501 342 2563 Attici
373 2515 603 2563 dicebant
633 2514 937 2579 κριβανίτην,
971 2517 1041 2564 sic
1071 2515 1435 2578 Aristophanes
1460 2515 1520 2563 fr.
1549 2514 1650 2562 125
1680 2508 1727 2578 (I
1755 2514 1861 2560 422

182 2588 369 2662 Kock)3
407 2595 535 2644 illud
574 2595 796 2644 doricum
835 2611 942 2644 esse
980 2596 1248 2646 ferebatur.
1323 2590 1393 2646 V.
1430 2589 1524 2644 18.
1573 2593 1670 2642 Osr.
1701 2593 1864 2641 Mati-o

181 2692 227 2725 v.
264 2678 384 2726 116.
465 2673 567 2739 [Ad
604 2686 659 2726 V.
704 2670 776 2725 15
815 2677 928 2725 vide
965 2677 1098 2725 infra
1134 2696 1182 2741 p.
1219 2677 1360 2740 193]

292 2757 339 2804 V
379 2757 552 2806 statim
589 2758 650 2806 fr.
689 2757 763 2804 IV
801 2758 1078 2820 excipiebat
1112 2761 1244 2808 teste
1281 2758 1552 2806 Athenaeo,

293 2837 378 2886 VI.
427 2838 472 2885 A
503 2837 667 2887 bulbis
699 2837 998 2887 Philoxenus
1031 2854 1224 2902 quoque
1253 2838 1340 2886 ille
1370 2837 1664 2899 personatus
1690 2835 1864 2896 incipit

185 2918 318 2981 apud
355 2916 637 2967 Platonem:
692 2913 900 2983 ἄρξομαι
938 2915 987 2977 ἐξ
1025 2918 1226 2983 βολβοῖο
1275 2911 1409 2982 (vide
1448 2931 1600 2978 supra
1636 2932 1682 2977 p.
1720 2909 1863 2983 125),
