2038 3140
871 160 943 166 —
1022 130 1127 182 164
1210 159 1269 165 —
1408 148 1692 182 AROHESTR.
1724 151 1910 184 HEDYP.

148 277 180 308 L
582 261 849 330 ἵππουρος
890 258 950 313 δὲ
989 261 1302 328 Καρύστιός
1341 260 1491 314 ἐστιν
1530 262 1765 330 ἄριστος.
1927 277 2000 317 (22)

225 351 406 412 ἄλλως
444 345 492 400 τ’
531 350 740 413 εὔοψον
781 350 1002 418 σφόδρα
1042 351 1247 418 χωρίον
1287 347 1401 402 ἐστὶ
1440 350 1745 419 Κάρυστος.

126 540 180 572 LI
226 527 324 578 τὸν
366 522 426 578 δὲ
466 525 633 578 λάτον
672 526 771 578 τὸν
811 522 1032 578 κλεινὸν
1071 524 1131 578 ἐν
1165 520 1364 595 Ἰταλίῃ
1405 525 1765 598 πολυδένδρῳ
1926 541 1999 580 (29)

226 615 254 667 ὁ
297 618 608 677 Σκυλλαῖος
647 616 756 682 ἔχει
795 616 1074 684 πορθμός,
1113 611 1442 683 θαυμαστὸν
1482 615 1696 684 ἔδεσμα.

103 804 181 836 ΙιΠ
227 792 510 861 μόρμυρος
549 792 830 859 αἰγιαλεὺς
869 788 1034 854 κακὸς
1074 792 1236 860 ἰχθὺς
1277 789 1412 844 οὐδέ
1446 788 1564 844 ποτ’
1604 791 1818 854 ἐσθλός.
1926 807 1998 845 (31)

79 980 177 1012 Lm
222 968 499 1021 πούλυποι
538 970 598 1021 ἕν
636 987 694 1021 τε
734 969 898 1039 Θάσῳ
938 966 1030 1020 καὶ
1069 969 1251 1037 Καρίῃ
1291 965 1433 1019 εἰσὶν
1472 968 1707 1036 ἄριστοι·
1924 983 1997 1022 (36)

223 1054 315 1107 καὶ
339 1055 598 1126 Κέρκυρα
630 1055 818 1126 τρέφει
851 1057 1122 1125 μεγάλους
1145 1057 1385 1118 πολλούς
1407 1074 1464 1108 τε
1497 1052 1557 1108 τὸ
1589 1061 1818 1124 πλῆθος.

85 1156 175 1189 LIV
223 1145 479 1206 τευθίδες
520 1144 580 1197 ἐν
618 1146 740 1216 Δίῳ
781 1151 857 1215 τῷ
898 1148 1141 1215 Πιερικῷ
1182 1145 1329 1213 παρὰ
1366 1150 1539 1212 χεῦμα
1924 1159 1997 1198 (43)

221 1233 479 1302 Βαφύρα·
520 1231 611 1285 καὶ
652 1232 713 1285 έν
747 1231 1046 1303 Ἀμβρακίῃ
1084 1230 1448 1301 παμπληθέας
1487 1233 1624 1295 ὄψει.

222 1397 578 1404 —————--—-—-—

910 1451 1225 1485 TESTIMONIA

331 1540 371 1587 L
398 1539 621 1588 AthNII
635 1540 742 1588 304
756 1534 883 1587 dz’A.
904 1536 956 1588 δέ
972 1552 1126 1603 φησιν
1145 1537 1907 1604 «ἵππουρος-Κάρυστος».

335 1627 404 1674 LI
458 1627 574 1675 Ath.
616 1628 715 1675 VII
757 1629 822 1676 31
834 1630 858 1675 1
875 1639 923 1675 et
986 1627 1140 1686 λάτος.
1203 1633 1380 1677 τοῦτον
1418 1626 1541 1676 κατὰ
1579 1625 1668 1690 τὴν
1703 1623 1908 1677 Ἰταλίαν

220 1707 477 1772 κράτιστον
517 1702 647 1756 εἷναί
682 1722 836 1771 φησιν
878 1703 945 1758 ’A.
986 1705 1139 1774 λέγων
1179 1707 1334 1767 οὕτως
1375 1707 1507 1758 «τὸν
1540 1735 1608 1742 —
1642 1706 1703 1757 ἕδ
1714 1721 1907 1772 εσμα».

330 1796 428 1844 LII
450 1796 679 1859 Lynceus
691 1813 767 1858 ap.
781 1796 997 1844 Ath.V11
1008 1799 1038 1846 3
1049 1800 1073 1845 1
1083 1799 1112 1846 3
1124 1798 1148 1845 f
1161 1791 1245 1865 (cf.
1256 1797 1595 1846 testimonium
1604 1791 1884 1864 XXXXIV)
1896 1817 1905 1845 :

220 1913 232 1924 .
269 1917 277 1926 .
327 1874 632 1942 ἐπαγόμενον
666 1873 733 1925 ’A.
773 1875 858 1926 τὸν
896 1877 1158 1942 γράψαντα
1203 1875 1295 1940 τὴν
1326 1873 1674 1927 Ἡδυπάθειαν
1722 1914 1733 1926 .
1769 1919 1776 1927 .
1824 1877 1906 1927 καὶ

219 1953 420 2023 λέγοντα
458 1955 511 2006 τὸ
551 1954 725 2022 μέτρον
763 1956 1100 2023 «μόρμυρος
1135 1985 1197 1991 —
1235 1956 1499 2017 ἐσθλός».

332 2046 453 2094 LIII
523 2048 639 2094 Ath.
682 2046 779 2094 VII
821 2048 924 2095 318
945 2047 991 2094 f:
1047 2041 1112 2094 Ἀ.
1172 2043 1226 2095 δέ
1280 2060 1402 2111 φησι
1459 2047 1794 2098 «πούλυποι
1834 2076 1903 2083 -—

217 2130 289 2175 πλ
298 2133 330 2191 ἢ
340 2131 379 2175 θ
389 2145 414 2175 ο
427 2146 450 2185 ς
460 2142 498 2175 >>.

330 2215 447 2263 LIV
484 2215 603 2265 Ath.
628 2217 727 2264 VII
753 2218 856 2266 326
874 2216 926 2264 d:
961 2211 1027 2264 Ἀ.
1063 2211 1107 2264 δ’
1145 2211 1171 2265 ὃ
1203 2222 1368 2264 πᾶσαν
1399 2221 1495 2281 γῆν
1526 2213 1609 2264 καὶ
1646 2215 1904 2265 θάλασσαν

220 2293 304 2344 διὰ
341 2297 721 2363 γαστριμαργίαν
751 2294 1028 2360 περιελθὼν
1063 2295 1297 2359 [πλεύσας
1329 2298 1443 2345 secl.
1467 2295 1709 2360 Dindorf]
1746 2291 1904 2364 (περι-

217 2376 437 2440 πολήσας
467 2371 718 2444 Meineke)
759 2375 881 2441 φησὶ
922 2377 1232 2436 «τευθίδες
1263 2405 1324 2410 -
1355 2375 1540 2440 ὄψει».

780 2604 1035 2641 VARIETAS
1074 2605 1345 2639 LEOTIONIS

335 2677 740 2790 LIIIlchZIZnfft
763 2745 824 2799 A,
857 2757 972 2790 corr.
1005 2743 1416 2802 Schweighaeuser
1473 2745 1647 2801 Καρίῃ;
1672 2745 1828 2805 Καρίᾳ
1851 2743 1897 2788 Α

219 2816 245 2854 2
278 2827 418 2868 κερκο
445 2813 452 2867 Ι
479 2827 540 2868 ρα
570 2810 638 2868 (in
669 2811 758 2855 fine
783 2811 960 2866 versus)
993 2810 1059 2854 A:
1100 2824 1215 2855 corr.
1244 2809 1283 2855 Ο
1359 2809 1555 2860 πολλοὺς
1586 2807 1815 2866 μεγάλους
1847 2826 1895 2854 τε

221 2876 328 2932 ΑΟ,
361 2891 474 2923 corr.
509 2876 922 2934 Schweighaeuser

338 2942 441 2987 LIV
486 2948 512 2988 2
546 2945 758 3003 βαφυραι
789 2943 835 2987 A
921 2940 1189 3001 Ἀμβρακίῃε
1217 2939 1466 3003 Ἀμβρακίᾳ
1489 2942 1535 2986 A
