2038 3140
859 148 918 154 —
1002 118 1033 169 8
1114 147 1180 153 ——
1526 134 1859 168 BATRACHOM.

89 266 146 304 40
180 245 324 313 [οὐδ’
364 249 465 301 ὅσα
505 250 641 319 πρὸς
679 251 886 316 θοίνην
926 250 1182 318 μερόπων
1220 248 1477 319 τεύχουσι
1517 247 1790 316 μάγειροι,

178 344 513 404 κοσμοῦντες
552 338 754 406 χύτρας
793 336 1064 406 άρτύμασι
1102 337 1576 401 παντοδαποῖσιν]
1883 363 1927 394 40

268 552 323 589 42
362 549 365 600 Ι
396 548 619 592 οὐδέποτε
652 547 896 604 πτολέμοιο
930 547 1080 603 κακὴν
1114 545 1386 603 ἀπέφευγον
1419 545 1587 600 ἀυτήν,

357 610 458 656 ἀλλ’
487 613 595 665 ἰθὺς
628 614 743 671 μετὰ
775 617 925 671 μῶλον
960 612 1042 657 ἰὼν
1074 612 1381 670 προμάχοισιν
1416 609 1629 668 ἐμίχθην.
1660 613 1665 665 Ι

357 681 410 722 οὐ
445 679 565 724 δέδι’
595 681 874 738 ἄνθρωπον,
909 682 1076 736 καίπερ
1111 679 1228 736 μέγα
1261 686 1390 735 σῶμα
1422 684 1682 734 φοροῦντα,

266 750 323 789 45
357 744 456 789 ἀλλ’
488 743 564 790 ε’πὶ
595 745 785 803 λέκτρον
819 745 900 789 ἰὼν
936 745 1106 790 ἕδακον
1139 745 1259 789 κατὰ
1292 744 1521 789 δάκτυλον
1555 743 1723 799 ἄκρον,

358 812 437 855 καὶ
470 811 642 869 πέρνης
674 811 896 871 λαβόμην,
928 811 1074 862 ὕπνος
1106 809 1151 854 δ’
1182 812 1266 854 οὐκ
1301 813 1489 867 ἴσχανεν
1521 809 1673 865 ἄνδρα

358 877 585 935 νήδυμος,
619 875 718 923 ὦκα
750 877 795 922 δ’
828 877 995 934 ἔφευγε
1028 876 1157 936 πόνῳ
1190 876 1445 927 δάκνοντος
1478 872 1623 931 ε’μεῖο·

359 943 473 987 ἀλλὰ
507 944 601 987 δύω
636 944 758 1001 μάλα
791 943 946 987 πάντα
978 943 1035 986 τὰ
1068 945 1222 991 δείδια
1252 951 1409 987 πᾶσαν
1443 939 1518 986 ἐπ’
1551 939 1684 995 αἶαν,

362 1012 524 1066 κίρκον
558 1009 637 1053 καὶ
669 1007 853 1066 γαλέην,
889 1010 942 1052 οῖ’
965 1026 1042 1065 μοι
1074 1009 1190 1066 μέγα
1222 1009 1402 1060 πένθος
1434 1009 1641 1065 ἄγουσιν.

268 1082 325 1121 50
362 1081 367 1131 Ι
397 1076 475 1120 καὶ
507 1078 687 1133 παγίδα
720 1075 1020 1129 στονόεσσαν,
1054 1074 1171 1119 ὅπου
1205 1074 1382 1126 δολόεις
1412 1074 1520 1118 πέλε
1551 1072 1734 1130 πότμος.
1766 1075 1772 1128 Ι

361 1144 366 1198 Ι
395 1147 610 1187 πλεῖστον
643 1142 700 1198 δὴ
733 1141 904 1199 γαλέήν
937 1143 1224 1197 περιδείδια,
1256 1141 1355 1197 ἥτις
1387 1139 1570 1196 ἀλιτρή,

356 1207 383 1262 ἣ
419 1209 498 1252 καὶ
531 1209 910 1266 τρωγλοδύνοντα
942 1207 1063 1251 κατὰ
1094 1208 1299 1264 τρώγλην
1334 1204 1538 1265 ἐρεείνει.
1569 1211 1573 1260 Ι

723 1421 923 1454 ΗΟΜΕΒῙ
960 1421 1082 1454 LOCI
1122 1421 1320 1454 SIMILES

269 1505 326 1544 42
362 1500 467 1544 οὔτε
500 1499 606 1545 ποτ’
636 1497 683 1552 ἐς
712 1500 928 1558 πόλεμον,
963 1501 1078 1546 ἀλλὰ
1111 1503 1410 1558 φθινύθεσκε
1445 1504 1582 1558 φίλον
1617 1508 1701 1558 κῆρ

358 1564 476 1611 αὖθι
508 1565 678 1623 μένων,
711 1568 944 1612 ποθέεσκε
977 1566 1022 1612 δ’
1054 1568 1201 1624 ἀυτήν
1226 1586 1274 1613 τε
1300 1567 1527 1625 πτόλεμόν
1552 1585 1599 1612 τε
1632 1574 1667 1611 Α
1694 1573 1777 1612 491
1798 1581 1865 1623 sq.

267 1639 324 1678 43
357 1641 454 1684 πῶς
484 1630 526 1677 τ’
556 1633 633 1691 ἄρ’
671 1636 723 1677 ἴω
756 1634 871 1691 μετὰ
904 1634 1089 1691 μῶλον*
1121 1637 1167 1677 Σ
1189 1639 1272 1679 188

357 1699 667 1757 προμάχοισιν
701 1697 907 1758 ἐμίχθη*
943 1704 982 1746 Θ
1006 1708 1061 1746 99

179 1771 237 1812 46
257 1781 322 1822 sq.
357 1768 452 1809 Δία
485 1765 531 1810 δ’
560 1768 645 1811 οὐκ
680 1766 754 1824 ἔχε
785 1767 992 1824 νήδυμος
1022 1766 1168 1819 ὕπνος
1200 1771 1234 1810 Β
1261 1774 1285 1811 2

355 1831 500 1883 ὕπνος
534 1836 605 1889 ..Ι
633 1832 872 1890 νήδυμος*
911 1837 961 1877 Ψ
984 1840 1038 1879 62
1059 1850 1122 1890 sq.

355 1899 471 1943 ἀλλὰ
503 1898 608 1950 δέος
641 1898 820 1955 ἰσχάνει
851 1900 1062 1957 ἄνδρας*
1095 1901 1141 1948 Ξ
1161 1905 1245 1944 387

265 1969 322 2009 48
354 1973 511 2010 πᾶσαν
545 1961 620 2009 ἐπ’
650 1963 796 2009 αἶαν*
833 1969 883 2009 Ψ
903 1972 985 2010 742

267 2037 321 2076 51
355 2038 410 2089 τῇ
444 2030 495 2076 δὲ
529 2032 587 2087 δὴ
622 2030 870 2077 αἰνότατον
901 2034 1188 2090 περιδείδια,
1220 2031 1282 2089 μή
1314 2049 1358 2075 τι
1388 2031 1651 2088 πάθωμεν*
1685 2033 1737 2073 Ν
1758 2035 1812 2074 52

740 2245 995 2280 VARIETAS
1035 2245 1308 2279 LECTIONIS

298 2333 356 2372 40
379 2328 551 2377 θοίνας
575 2326 620 2371 V
719 2330 771 2369 41
799 2325 906 2370 incl.
925 2325 1150 2370 Draheim
1207 2326 1318 2382 post
1341 2330 1395 2369 41
1423 2325 1567 2369 sunb'
1553 2340 1603 2368 m
1620 2325 1665 2369 L
1689 2329 1803 2368 42—
1809 2330 1865 2369 52

296 2404 352 2444 42
377 2397 684 2455 πτολέμοιοᾶ,
709 2402 810 2443 πολ.
825 2399 870 2444 L
916 2398 1186 2455 ἀπέφευγον
1203 2397 1392 2454 Βαϊηθε,
1419 2396 1724 2455 ἀπέφυγονΕ
1807 2403 1866 2441 43

181 2466 291 2517 ἰθυς
306 2464 456 2510 Wolf.
477 2465 623 2516 εὐθυς
638 2465 683 2509 L
732 2464 819 2509 44
805 2478 902 2508 lam
919 2463 1033 2508 olim
1050 2465 1303 2508 correctus:
1322 2463 1578 2521 ἄνθρωπον
1597 2463 1651 2507 οὐ
1669 2460 1805 2506 δέδια
1822 2464 1866 2507 L

178 2538 235 2578 45
269 2532 414 2589 ἄκρον
447 2529 677 2575 δάκτυλον
709 2529 935 2587 δάκ(ν)ων
966 2529 1033 2584 L,
1071 2545 1100 2573 ν
1130 2528 1292 2573 littera
1322 2529 1660 2587 suprascripta,
1694 2526 1866 2573 ε”δακον

144 2597 425 2653 Ludwich‚
465 2596 587 2641 κατὰ
619 2595 954 2642 Stadtmueller
1073 2601 1129 2640 46
1161 2594 1308 2646 υπνος
1339 2594 1386 2639 δ’
1421 2596 1507 2640 οὐκ
1539 2596 1728 2652 ἴσχανεν
1759 2596 1865 2651 (ἰσχ.

181 2663 529 2718 Stadtmueller)
565 2662 639 2707 vel
670 2660 824 2720 ἴσχαν’
847 2658 912 2706 ἔτ’
933 2661 1087 2719 ἄνδρα
1117 2661 1304 2718 scripsi:
1341 2661 1423 2706 καὶ
1447 2661 1502 2706 οὐ
1525 2659 1670 2712 πόνος
1701 2661 1867 2704 ἵκανεν

180 2730 334 2788 ἄνδρα
359 2730 424 2784 L;
455 2727 600 2780 πόνος
625 2731 672 2773 et
702 2727 848 2780 ὕπνος
878 2727 1171 2784 transposuit
1200 2728 1426 2774 Ludwich
1566 2733 1623 2771 47
1657 2723 1756 2771 ὦκα
1780 2727 1865 2782 (sic

181 2795 534 2851 Stadtmueller)
560 2792 606 2839 δ’
629 2793 798 2852 ἔφευγε
828 2792 958 2854 πόνῳ
984 2793 1172 2850 scripsi:
1209 2794 1295 2838 οὐκ
1317 2791 1561 2850 ἀπέφυγεν
1585 2791 1731 2843 ὕπνος
1761 2793 1806 2836 L

178 2867 237 2908 48
270 2861 384 2906 ἄλλα
417 2859 463 2906 δ’
499 2858 558 2906 ἐῶ
591 2860 830 2916 Ludwich,
862 2857 962 2905 ἀλλ’
984 2860 1113 2904 αὐδῶ
1144 2859 1221 2904 vel
1251 2857 1352 2904 ἀλλ’
1389 2855 1503 2916 ἐρέω
1533 2858 1867 2902 Stadtmueller

181 2933 239 2974 50
269 2926 400 2986 πέλε]
433 2927 542 2986 μυσὶ
571 2926 795 2973 Ludwich
915 2930 969 2971 51
1005 2924 1166 2983 ἀλιτρή
1197 2924 1550 2970 Stadtmueller:
1584 2925 1746 2981 ἀρίστη
1777 2925 1822 2968 L
