2038 3140
74 142 647 178 AROH.HEDYP.FR.1-1v
716 157 773 163 -
861 129 960 180 141
1044 160 1113 167 -

0 275 29 308 [1
71 257 154 317 τίς
193 253 243 307 δ’
284 256 446 325 ἰχθὺς
483 255 574 309 καὶ
612 267 770 321 ποῖος
808 258 915 312 ἐὼν
954 261 1183 329 ἥδιστον
1221 263 1517 332 <ἕὸεσμα>,
1767 301 1815 334 (s.)

71 342 104 411 ἢ
146 345 229 406 τίς
260 343 641 414 ἀκμαιότατος,
681 349 764 410 τίς
803 345 853 400 δ’
894 345 963 402 αὗ
1003 352 1214 419 βρωτός
1236 360 1312 419 χγε
1352 353 1581 421 μάλιστα

69 429 132 499 ἠὲ
171 429 284 500 μετ’
322 429 657 503 Ἀρκτοῦρον
695 433 784 488 καὶ
826 437 1103 501 Πλειάδας
1141 438 1173 507 ἢ
1213 437 1401 504 Κυνὸς
1440 443 1658 510 ἄστρον.

0 627 27 661 :1
68 616 256 677 πρῶτα
297 606 398 676 μὲν
438 604 540 662 οὗν
582 611 779 681 δώρων
818 616 1162 683 μεμνήσομαι
1201 615 1463 685 ἠυκόμοιο
1762 651 1812 688 (3)

69 698 382 765 Δήμητρος,
423 700 550 766 φίλε
582 701 796 769 Μόσχε·
837 704 907 754 σὺ
948 700 998 754 δ’
1036 702 1095 755 ἐν
1131 703 1295 772 φρεσὶ
1335 706 1531 772 βάλλεο
1569 715 1744 775 σῇσιν.

574 881 773 915 HOMERI
812 883 1005 918 VERSVS
1046 883 1244 918 SIMILES

68 957 154 1001 ΠΙΙ
202 963 224 1001 1
259 967 418 1016 πρῶτα
450 959 535 1017 μὲν
568 959 686 1006 οὖν*
718 980 744 1019 χ
768 967 854 1008 448

114 1030 135 1068 1
157 1039 222 1081 sq.
259 1022 548 1085 ἐυπλόκαμος
579 1029 803 1088 Δημήτηρ
836 1046 856 1075 ε
884 1036 967 1075 125

259 1092 506 1151 Δήμητρος
537 1095 927 1154 καλλιπλοκάμοιο
960 1098 1006 1145 Ξ
1026 1102 1111 1142 326

259 1158 470 1216 Δήμητρ’
498 1160 708 1218 ἠύκομον
737 1162 894 1218 hymn.
917 1169 983 1218 13,
1013 1169 1034 1206 1

197 1229 223 1267 2
257 1223 366 1269 ἄλλο
398 1224 453 1270 δέ
483 1243 555 1271 τοι
589 1223 725 1284 ἐρέω,
757 1229 811 1273 σὺ
845 1225 892 1273 δ’
922 1225 991 1274 ἐνὶ
1016 1230 1154 1286 φρεσὶ
1179 1229 1342 1290 βάλλεο
1368 1239 1499 1290 σῇσιν
1532 1238 1669 1278 Α297
1682 1234 1740 1278 al.

749 1397 1062 1431 TESTIMONIA

172 1474 251 1521 III
322 1474 590 1524 Clearchus
647 1478 781 1540 apud
827 1477 946 1526 Ath.
984 1478 1027 1525 X
1071 1477 1240 1525 457d:
1295 1473 1595 1539 προέβαλλον
1650 1475 1741 1540 γὰρ

0 1580 5 1632 ξ
65 1549 153 1622 (sc.
189 1555 241 1605 οἱ
266 1551 496 1624 παλαιοί)
535 1556 669 1623 παρὰ
707 1557 822 1617 τοὺς
860 1556 1040 1616 πότους
1079 1556 1170 1622 οὐχ
1207 1556 1366 1621 ὥσπερ
1407 1555 1458 1605 οἰ
1491 1563 1585 1604 νῦν
1626 1554 1743 1619 ἐρω-

0 1635 9 1677 'r
65 1643 240 1695 τῶντες
286 1634 549 1702 ἀλλήλους,
603 1638 673 1697 τίς
718 1645 815 1687 τῶν
853 1636 1301 1703 ἀφροδισιαστικῶν
1341 1637 1671 1701 συνδυασμῶν
1710 1634 1742 1700 ἢ

0 1682 11 1792 Ξ·
61 1717 144 1776 τίς
185 1713 217 1781 ἢ
257 1722 428 1777 ποῖος
460 1718 634 1783 ἰχθὺς
663 1718 903 1783 ἥδιστος
933 1716 966 1783 ἢ
998 1719 1082 1778 τίς
1113 1717 1530 1783 ἀκμαιότατος,
1570 1715 1650 1766 ἔτι
1683 1715 1742 1767 δὲ

0 1794 4 1847 ἓ
61 1798 147 1857 τίς
178 1794 292 1862 μετ’
323 1794 677 1865 Ἀρκτοῦρον
709 1797 742 1865 ἢ
774 1799 911 1865 μετὰ
939 1799 1204 1849 Πλειάδα
1235 1796 1268 1864 ἢ
1298 1800 1382 1859 τίς
1412 1796 1550 1863 μετὰ
1573 1798 1742 1847 Κύνα

0 1873 5 1947 ζ
61 1878 310 1942 μάλιστα
347 1880 588 1945 βρωτός·
632 1920 642 1931 .
670 1922 678 1931 .
705 1923 714 1931 .
753 1881 931 1949 κομιδῇ
963 1880 1056 1947 γάρ
1089 1879 1187 1930 ἐστι
1217 1879 1367 1930 ταῦτά
1397 1878 1450 1946 γέ
1481 1898 1612 1939 τινος
1642 1883 1742 1939 τοῖς

0 1958 6 2030 ᾗ
65 1961 350 2020 Φιλαινίδος
372 1960 455 2011 καὶ
477 1967 578 2022 τοῖς
595 1958 1011 2028 Ἀρχεστράτου
1038 1961 1408 2029 συγγράμμασιν
1425 1959 1742 2030 ἐνῳκηκότος,

0 2031 2 2033 ’
60 2038 128 2089 ἔτι
168 2038 220 2090 δὲ
258 2040 368 2107 περὶ
405 2042 490 2103 τὰς
527 2042 834 2109 καλουμένας
871 2043 1226 2109 Γαστρολογίας
1264 2040 1639 2100 ἐσπουδακότος.

163 2122 269 2170 ΙΠΙ
319 2116 439 2172 A'th.
464 2125 542 2173 ΙΠ
570 2127 724 2174 111f:
757 2121 1096 2190 Ἀρχέστρατος
1135 2119 1180 2172 δ’
1215 2122 1269 2172 ἐν
1306 2130 1362 2191 τῇ
1402 2122 1741 2191 Γαστρονομίᾳ

60 2200 171 2267 περὶ
187 2200 406 2265 ἀλφίτων
421 2203 504 2253 καὶ
519 2201 680 2270 ἄρτων
697 2203 852 2264 οὕτως
869 2203 1127 2254 ἐκτίθεται·
1154 2217 1225 2252 «π
1234 2222 1261 2269 ρ
1271 2210 1310 2253 ὥ
1320 2222 1343 2252 τ
1353 2223 1436 2252 α-
1446 2203 1504 2252 δε
1514 2206 1613 2252 ἴπν
1623 2221 1649 2252 ο
1660 2221 1689 2251 ν
1698 2218 1737 2251 >>.

59 2283 357 2333 Eustathius
395 2303 443 2348 p.
489 2287 646 2351 1258,
687 2288 779 2346 60:
841 2283 924 2334 καὶ
965 2281 1302 2350 Ἀρχέστρατος
1344 2281 1396 2333 δὲ
1435 2283 1586 2334 πίονά
1630 2302 1739 2332 τινα

14 2402 18 2406 -
57 2363 212 2414 τόπον
242 2362 452 2430 Ιλέσβιον
505 2362 1036 2431 κλεινῆςΛέσβου
1089 2365 1462 2431 περικύμονα
1515 2363 1739 2430 μαστὸν

59 2441 196 2512 λέγει.
272 2446 571 2496 Eustathius
601 2466 649 2512 p.
681 2449 801 2511 280,
836 2451 891 2496 7:
938 2442 1273 2512 Ἀρχέστρατος
1314 2486 1359 2496 ..
1388 2487 1397 2496 .
1444 2443 1596 2495 εἰπὼν
1634 2443 1738 2509 τὴν

58 2525 301 2591 κλεινὴν
339 2525 577 2594 Λέσβον
624 2526 941 2592 λευκότερα
986 2527 1262 2593 αἰθερίας
1307 2527 1509 2592 χιόνος
1558 2524 1738 2589 ἄλφιτα

58 2605 228 2674 φέρειν
242 2606 324 2658 καὶ
342 2607 602 2676 ἐπαγαγὼν
623 2606 759 2659 θεοὶ
783 2609 944 2675 εἴπερ
969 2606 1211 2659 ἔδουσιν
1235 2606 1476 2671 ἄλφιτα,
1500 2605 1736 2657 ἐκεῖθεν

60 2686 165 2739 ἰὼν
194 2685 410 2756 Ἑρμῆς
439 2688 644 2750 αὐτοῖς
675 2688 975 2757 ἀγοράζει,
1012 2688 1070 2739 τὰ
1095 2685 1142 2739 δ’
1171 2686 1294 2739 ἄλλα
1321 2688 1566 2756 γιγάρτα
1598 2687 1734 2750 φαί-

58 2774 276 2837 νεσθαι
312 2769 457 2837 πρὸς
495 2769 693 2822 ἐκεῖνα
731 2767 943 2839 (ἐκείνας
974 2765 1108 2836 edd.)
1148 2769 1381 2835 φάμενος.

167 2850 288 2902 Ath.
309 2852 388 2902 III
413 2855 578 2903 1102:
618 2850 872 2919 ἕγκυφίαν.
918 2850 1096 2902 τούτου
1127 2849 1427 2916 μνημονεύει
1451 2891 1461 2901 .
1480 2886 1519 2898 ..
1552 2845 1579 2898 ὁ
1611 2845 1735 2911 ὀψο-

59 2928 290 2992 δαίδαλος
320 2927 408 2997 ’A.,
446 2926 507 2984 οὗ
545 2931 668 2982 κατὰ
705 2931 877 2999 καιρὸν
914 2930 967 2982 τὸ
1005 2931 1272 2998 μαρτύριον
1308 2929 1677 2997 παραθήσομαι.
