2038 3140
98 123 416 157 FRAGMENTA
735 135 806 141 —
889 106 988 157 187
1071 135 1134 142 —-

99 243 242 309 τικῷ,
291 241 369 289 cui
408 242 638 308 Ποντικῷ
677 241 758 289 vel
797 240 907 289 ideo
949 241 1198 304 displicet,
1245 242 1375 304 quod
1422 242 1500 291 hic
1542 245 1780 305 saperdae

103 322 343 383 originem
383 322 599 369 indicare
640 322 711 369 nil
760 322 994 382 attineat,
1043 325 1214 370 contra
1259 323 1576 384 reprehensio
1617 325 1780 386 qualis

100 401 167 449 sit
206 401 257 448 in
295 403 510 469 φορτικῷ
557 401 878 450 desideretur.
956 396 1024 452 V.
1070 396 1100 449 ’7
1151 399 1265 451 νέον
1306 419 1453 451 sensu
1494 407 1630 452 caret
1668 408 1782 467 post

97 482 250 530 verba
274 484 538 543 τριταῖον
563 480 707 546 ἔχειν,
733 483 907 545 scripsi
931 479 1046 531 νέου
1071 486 1128 530 ut
1151 499 1280 532 nova
1296 484 1536 545 amphora
1555 485 1780 534 scombro

91 561 372 610 condiundo
413 563 711 624 requiratur.
796 558 864 613 V.
906 558 961 611 8.
1018 562 1116 611 Cfr.
1157 563 1502 626 Euthydemus
1544 581 1620 627 ap.
1660 566 1779 615 Ath.

94 642 173 690 III
216 643 386 691 116b:
446 642 655 692 θύννων
703 639 745 692 δ’
791 641 986 707 ὡραίων
1032 642 1304 702 Βυζάντιον
1350 642 1516 694 ἔπλετο
1565 645 1722 709 μητήρ
1767 639 1772 712 Ι

93 720 176 770 καὶ
208 721 517 788 σκόμβρων
551 728 600 772 et
624 725 926 787 Hermippus
953 741 1030 786 ap.
1057 725 1172 774 Ath.
1197 724 1223 772 I
1250 725 1360 773 27d
1402 719 1449 791 (I
1476 728 1578 774 243
1608 720 1771 793 Kock)

95 819 138 852 v.
175 806 228 852 5:
270 802 322 852 ἐκ
362 800 406 852 δ’
441 800 808 867 Ἑλλησπόντου
849 803 1183 869 σκόμβρους
1221 802 1304 852 καὶ
1341 804 1501 852 πάντα
1540 806 1723 870 ταρίχη.

200 885 409 933 XXXIX
449 886 524 933 De
548 886 779 935 universo
804 886 896 935 hoc
913 886 1196 950 fragmento
1212 885 1324 933 vide
1351 901 1502 947 supra
1519 903 1564 947 p.
1587 888 1689 935 136
1702 902 1773 950 sq.

91 965 384 1014 Rectissime
418 967 586 1014 autem
612 965 861 1015 Gesnerus
894 967 1153 1029 quaerenti
1183 966 1443 1014 Athenaeo
1476 967 1777 1028 respondere

91 1045 304 1109 videtur,
338 1062 452 1094 eum
482 1047 668 1108 piscem
699 1063 847 1109 quem
875 1063 904 1095 a
928 1050 1087 1096 metro
1110 1047 1308 1096 heroico
1332 1049 1484 1109 poeta
1507 1047 1777 1097 abhorrere

0 1129 2 1131 ’
91 1127 232 1187 dicit,
288 1123 557 1175 ἀντακαῖον
605 1143 726 1176 esse.
805 1128 936 1176 Nam
987 1133 1037 1177 et
1082 1127 1395 1189 Antiphanes
1450 1128 1502 1175 in
1548 1127 1775 1178 Parasito

90 1200 234 1274 (Ath.
267 1208 343 1255 III
388 1209 535 1257 118d
569 1230 636 1246 =
669 1208 720 1256 ΙΙ
763 1210 828 1257 87
872 1202 1034 1275 Kock)
1075 1208 1147 1257 ait
1185 1207 1377 1273 τάριχος
1415 1206 1683 1258 ἀντακαῖον
1722 1207 1775 1258 ἐν

88 1286 218 1357 μέσῳ
254 1284 261 1352 Ι
295 1292 430 1351 πῖον,
472 1286 818 1352 ὁλόλευκον,
857 1288 1064 1353 θερμόν,
1104 1292 1154 1337 et
1190 1304 1320 1337 nunc
1355 1305 1550 1352 quoque
1583 1306 1694 1338 cum
1724 1290 1776 1339 id

86 1386 247 1433 genus
290 1370 514 1432 piscium,
555 1371 686 1432 quod
718 1386 776 1418 ex
806 1371 997 1418 familia
1029 1370 1369 1431 acipenserum
1402 1372 1492 1431 est,
1533 1370 1584 1417 in
1614 1371 1775 1419 Ponto

85 1451 281 1499 Euxino
321 1451 568 1514 capiatur,
614 1451 886 1512 piscatores
933 1467 1032 1499 non
1071 1450 1353 1498 accuratius
1402 1451 1536 1499 inter
1576 1451 1774 1501 diversa

91 1532 433 1593 acipenserum
473 1547 657 1594 genera
696 1531 1010 1594 distinguunt
1050 1547 1198 1593 quam
1229 1534 1287 1578 ut
1317 1531 1524 1578 rubrum
1554 1534 1774 1580 tantum-

85 1612 232 1661 modo
266 1615 316 1660 et
348 1613 519 1660 album
550 1628 708 1676 genus
733 1612 1029 1671 discernant,
1060 1611 1148 1660 cfr.
1172 1611 1438 1659 Brehmius
1462 1612 1495 1659 1.
1520 1612 1551 1659 1.
1576 1630 1624 1674 p.
1652 1614 1772 1662 360.

90 1692 171 1740 Ad
211 1693 380 1740 album
419 1693 577 1753 igitur
614 1708 772 1756 genus
812 1689 1075 1749 ἀντακαῖος
1112 1692 1364 1753 pertinere
1401 1692 1613 1742 videtur.

198 1773 383 1821 XXXX
444 1767 512 1822 V.
549 1768 604 1823 2.
653 1773 918 1822 Brehmius
950 1773 981 1821 1.
1007 1773 1037 1820 l.
1064 1789 1110 1834 p.
1140 1775 1240 1821 121
1270 1773 1330 1820 de
1354 1773 1522 1836 gladio
1554 1775 1774 1822 testatur

90 1849 233 1904 ‘dass
279 1870 397 1902 man
443 1855 746 1917 heutzutage
794 1855 881 1903 das
922 1854 1119 1903 Fleisch
1167 1853 1254 1902 des
1296 1854 1488 1917 jungen
1529 1853 1772 1903 Schwert·

85 1935 262 1985 fisches
301 1937 393 1999 als,
433 1936 723 1998 vorziiglich
764 1936 960 1984 ansieht
1005 1935 1107 1983 und
1152 1950 1251 1983 von
1302 1935 1397 1983 den
1435 1934 1592 1983 Alten
1630 1935 1776 1984 einen

88 2017 220 2065 Teil
258 2016 360 2066 des
401 2016 749 2066 Schwanzes
790 2017 891 2064 und
929 2017 1008 2064 die
1047 2032 1134 2064 um
1165 2015 1244 2064 die
1275 2015 1484 2064 Flossen
1513 2015 1776 2078 liegenden

90 2097 324 2146 Muskeln
369 2098 444 2145 als
490 2097 850 2146 Leckerbissen
893 2090 1218 2146 betrachtet'.
1294 2089 1366 2144 V.
1406 2089 1441 2144 3
1491 2090 1775 2159 επιροχοαῖσι

88 2177 227 2241 libri3
280 2179 574 2241 προμολαῖσι
611 2177 911 2240 MeinekiuS,
952 2177 1040 2226 sed
1080 2177 1417 2239 praestantius
1455 2175 1774 2239 προβολαῖσι;

88 2261 206 2307 sunt
224 2258 355 2306 enim
371 2257 618 2322 προμολαί
629 2258 898 2320 cacumina,
916 2256 1160 2322 προβολαί
1170 2256 1526 2319 promontoria.
1559 2255 1769 2319 Oppian.

84 2339 199 2387 Hal.
222 2338 268 2385 V
295 2341 400 2388 452
446 2338 681 2407 Ταιναρίῃ
712 2332 1040 2396 τῗῗέπέλασσεν
1066 2333 1144 2386 ἐπὶ
1166 2336 1437 2404 προβολῇσι
1462 2332 1766 2388 Λακώνων’.

86 2419 405 2468 Ribbeckius,

200 2499 411 2548 XXXXI
481 2499 607 2548 Vide
654 2514 806 2562 supra
851 2515 898 2561 p.
941 2499 1125 2561 132sq.
1175 2501 1227 2548 et
1269 2500 1388 2548 134.
1463 2493 1531 2548 V.
1573 2493 1608 2548 3
1656 2513 1768 2548 acu-

85 2581 279 2630 tissime
317 2580 578 2629 Kaibelius
629 2579 760 2643 apud
798 2578 1146 2627 Ribbeckium:
1210 2574 1300 2628 ‘an
1345 2579 1445 2628 fuit
1489 2595 1549 2628 ex
1598 2595 1773 2629 eorum

89 2677 296 2712 numero
335 2661 715 2725 Archestratus,
754 2659 839 2722 qui
878 2659 1139 2708 Semiticae
1178 2659 1348 2723 stirpis
1389 2675 1496 2709 esse
1533 2662 1773 2722 putarent

88 2741 279 2793 Cares?
342 2757 466 2805 quos
507 2741 679 2804 quidni
724 2728 877 2789 etiam
915 2740 1112 2789 veteres
1150 2740 1439 2802 putabimus
1479 2740 1772 2790 observasse

89 2823 362 2873 incurvatis
394 2821 603 2885 pedibus
635 2837 756 2885 prae
782 2820 960 2870 ceteris
985 2820 1282 2870 mortalibus
1305 2836 1336 2870 a
1357 2822 1542 2869 natura
1564 2820 1772 2871 donatos

87 2898 306 2953 fuisse?'
383 2902 619 2952 Ceterum
666 2918 815 2966 quem
860 2901 1067 2951 Homeri
1119 2901 1284 2951 locum
1336 2901 1567 2964 parodice
1620 2904 1771 2965 poeta
