2038 3140
831 127 898 134 —-
976 97 1049 148 24
1125 129 1196 134 —
1524 117 1854 152 BATRACHOM.

168 229 313 296 ἔγχει
354 226 593 291 ἐπαΐξας·
634 229 731 280 τὸν
773 225 833 280 δὲ
874 230 1068 290 σκότος
1108 229 1237 281 ὄσσε
1276 230 1535 293 κάλυψεν.

171 315 610 385 [Πρασσοφάγος
652 311 701 367 δ’
741 314 910 368 ε’πιὼν
949 317 1121 378 ποδὸς
1160 316 1375 370 εἵλκυσε
1414 318 1614 387 νεκρὸν
1646 317 1823 386 ε’όντα,
1880 333 1945 364 205

167 403 228 456 ἐν
269 405 432 473 λίμνῃ
476 402 525 455 δ’
565 402 808 472 ἀπέθηκε
845 407 1119 474 κρατήσας
1157 404 1297 475 χειρὶ
1336 404 1601 471 τένοντα]

171 492 490 560 [Ψιχάρπαξ
532 490 581 544 δ’
619 489 783 561 ἤμυν’
824 491 1032 563 ἑτάρων
1071 492 1197 564 περὶ
1235 496 1582 548 τεθνειώτων

47 597 134 637 235
167 578 257 631 καὶ
296 581 427 648 βάλε
468 585 796 650 Πρασσαῖον
837 582 973 633 κατὰ
1011 583 1219 650 νηδύος
1259 582 1313 645 ἐς
1351 581 1521 651 μέσον
1560 578 1727 652 ἧπαρ·

166 676 325 720 πῖπτε
368 667 432 720 δέ
469 669 526 720 οἱ
560 670 838 739 πρόσθεν,
878 670 1026 738 ψυχὴ
1069 665 1119 722 δ’
1148 669 1409 723 ’Ἀιδόσδε
1448 673 1703 740 βεβήκει.]

166 756 497 825 Πηλοβάτης
537 752 586 808 δ’
625 756 826 810 ἐσιδὼν
864 762 1045 825 πηλοῦ
1086 760 1261 828 δράκα
1301 759 1464 828 ῥῖψεν
1504 755 1587 812 ἐπ’
1626 759 1810 812 αὐτόν.
1880 773 1946 805 210

168 843 280 910 [καὶ
319 847 380 898 τὸ
421 844 675 914 μέτωπον
715 847 896 915 ἔχρισε
944 844 1036 899 καὶ
1083 845 1384 915 ἐξετύῳλου
1431 849 1578 917 παρὰ
1617 849 1855 918 μικρόν.]

164 934 410 1002 θυμώθη
453 932 503 986 δ’
542 935 648 1004 ἄρα
686 942 886 1002 κεῖνος,
927 932 1067 988 ἑλὼν
1109 933 1174 988 δέ
1207 955 1265 988 τε
1303 934 1444 1004 χειρὶ
1481 938 1676 1004 παχείῃ

46 1036 135 1077 240
167 1023 423 1091 κείμενον
464 1021 524 1074 ἐν
563 1024 692 1091 γαίῃ
733 1025 901 1075 λίθον
942 1024 1202 1093 ὄβριμον,
1243 1024 1419 1092 ἄχθος
1457 1024 1724 1094 ἀρούρης,

166 1124 242 1191 τῷ
283 1118 416 1186 βάλε
459 1118 794 1185 Πηλοβάτην
833 1117 940 1169 ὑπὸ
981 1118 1247 1184 γούνατα·
1287 1125 1433 1170 πᾶσα
1474 1116 1523 1169 δ’
1564 1117 1805 1186 ἐκλάσθη

710 1291 909 1324 HOMERI
947 1289 1069 1324 LOCI
1109 1290 1309 1323 SIMILES

272 1369 355 1408 231
390 1358 441 1419 ἧ,
474 1364 555 1407 καὶ
589 1360 816 1417 ἐπαΐξας*
850 1366 997 1407 Γ369
1072 1363 1299 1423 φασγάνῳ
1333 1365 1498 1418 ἀίξας*
1529 1369 1675 1410 K456

387 1430 469 1474 τὸν
502 1428 554 1474 δὲ
588 1428 749 1480 σκότος
781 1428 886 1473 ὄσσε
919 1427 1165 1485 κάλυψεν*
1197 1434 1239 1472 Δ
1265 1435 1348 1475 461

267 1500 352 1540 232
387 1494 487 1540 ἕλκε
519 1495 664 1547 ποδός
694 1500 837 1540 [1258
915 1494 1068 1551 ἄνδρα
1098 1496 1280 1551 θνητὸν
1313 1493 1450 1541 ἐόντα
1483 1500 1532 1540 Π
1552 1503 1635 1542 441

267 1566 354 1606 234
386 1561 676 1618 ἀμυνέμεναι
706 1561 814 1618 περὶ
847 1559 1138 1618 Πατρόκλοιο
1171 1562 1406 1614 θανόντος
1440 1567 1478 1607 Ρ
1499 1567 1580 1608 182

267 1632 353 1672 236
389 1626 521 1672 ἔπεσε
553 1627 734 1686 πρόσθε
769 1628 1091 1685 γλαυκώπιδος
1123 1645 1156 1670 ω
1176 1634 1262 1672 540

387 1695 514 1751 ψυχὴ
548 1693 596 1739 δ’
626 1691 677 1739 ἐκ
711 1692 892 1752 ρεθέων
923 1693 1136 1751 πταμένη
1159 1693 1364 1740 ’Ἄιδόσδε
1398 1695 1587 1754 βεβήκει
1618 1699 1668 1740 Π
1688 1701 1775 1742 856

162 1765 248 1805 239
268 1775 366 1816 sqq.
386 1759 485 1804 ἀλλ’
515 1759 899 1818 ἀναχασσάμενος
930 1763 1068 1806 λίθον
1101 1763 1246 1807 εἵλετο
1279 1761 1399 1844 χειρὶ
1429 1764 1600 1820 παχείῃ

387 1829 603 1884 κείμενον
637 1823 687 1870 έν
719 1829 888 1888 πεδίῳ,
921 1828 1120 1885 μέλανα,
1151 1829 1324 1907 τρηχύν
1355 1844 1404 1872 τε
1437 1827 1583 1885 μέγαν
1614 1845 1684 1872 τε·

384 1896 446 1951 τῷ
481 1891 620 1951 βάλεν
643 1894 840 1944 Αἴαντος
872 1894 1031 1938 δεινὸν
1063 1893 1205 1946 σάκος
1229 1889 1539 1952 ἑπταβόειον.

386 1959 492 2002 εἴσω
525 1956 570 2001 δ’
600 1957 762 2002 ἀσπίδ’
792 1957 896 2012 ἔαξε
930 1961 1084 2019 βαλὼν
1115 1958 1350 2018 μυλοειδέι
1379 1959 1553 2020 πέτρῳ,

385 2023 535 2083 βλάψε
546 2022 599 2068 δέ
609 2040 654 2068 οι
642 2022 778 2081 φιλα
787 2021 1009 2082 γουναθ
1025 2025 1048 2069 ὃ
1063 2022 1111 2068 δ’
1123 2025 1285 2078 ύπτιος
1296 2022 1583 2083 ἐξετανύσθη
1599 2029 1648 2069 Η
1655 2031 1740 2071 264
1751 2042 1849 2083 sqq.

264 2095 351 2135 240
383 2093 521 2135 λίθον
554 2091 780 2150 ὄβριμον*
814 2110 829 2136 ι
855 2098 940 2137 305

383 2157 532 2214 ἄχθος
564 2158 798 2214 ἀρούρης*
830 2161 877 2201 Σ
900 2163 983 2203 104

723 2304 980 2339 VARIETAS
1018 2304 1290 2339 LECTIONIS

279 2381 364 2421 231
407 2374 528 2433 ἔγχε’
566 2372 761 2431 ἑπαῖξας
801 2377 843 2422 V
976 2383 1061 2422 232
1099 2383 1329 2434 πρασαῐος
1369 2378 1413 2422 V
1443 2380 1716 2435 (πρασσαῖος
1747 2377 1848 2434 alii)

161 2438 305 2487 ἐπιὼν
339 2441 530 2499 scripsi:
565 2437 732 2487 ἐσιδὼν
754 2443 812 2499 L,
845 2439 1019 2488 ἐπιδὼν
1049 2443 1094 2488 V
1177 2448 1263 2487 233
1297 2441 1343 2486 δ’
1372 2441 1602 2497 ἀπέπνιξε
1632 2442 1677 2487 V
1762 2449 1849 2488 234

159 2506 206 2552 δ’
243 2507 419 2566 ἤμυνεν
457 2509 502 2552 L
643 2512 730 2553 235
769 2509 1070 2568 Πρασσαῖον]
1108 2508 1363 2566 πηλούσιον
1394 2509 1438 2553 L
1527 2507 1647 2553 κατὰ
1678 2510 1850 2566 νηδύος

160 2573 226 2625 εἰς
257 2572 397 2632 μέσον
428 2570 555 2632 ἧπαρ
587 2574 652 2632 L]
685 2573 820 2631 μήπω
852 2575 986 2632 γαίης
1018 2571 1245 2634 ἐπιβάντα
1286 2575 1330 2619 V
1437 2579 1523 2620 236
1554 2576 1693 2619 πίπτε
1719 2573 1773 2619 δέ
1805 2574 1855 2620 οἷ
2019 2554 2030 2617 †

158 2639 479 2699 προπάροιθε,
510 2639 639 2697 ψυχὴ
672 2638 718 2684 δ’
746 2638 931 2685 αἰδόσδ’
961 2636 1174 2700 ἐβεβήκει
1214 2641 1267 2698 V,
1305 2646 1443 2686 πῖπτε
1476 2638 1529 2685 δέ
1562 2637 1611 2684 οἷ
1637 2639 1849 2697 πρόσθεν
2007 2650 2038 2706 75¹

158 2701 270 2763 ἦτορ
305 2703 352 2751 δ’
389 2705 613 2752 ἔκτοσθεν
647 2705 835 2766 βεβήκει
865 2707 910 2752 L
1031 2711 1117 2752 237
1148 2706 1489 2768 Κραμβοβάτης
1526 2707 1572 2752 V
1635 2713 1722 2752 238
1755 2704 1848 2762 ἒξε-

158 2772 398 2830 τύῳλωσεν
421 2773 467 2817 L
557 2778 643 2818 239
668 2773 876 2831 θυμώθη
901 2773 971 2818 N:
1007 2774 1300 2831 (Μ)ουνώθη
1323 2774 1384 2828 L,
1417 2773 1625 2831 ὠργίσθη
1657 2773 1702 2818 V
1755 2773 1849 2830 ἄρα

159 2838 328 2883 om.'V
399 2836 452 2882 δὲ
483 2839 527 2883 L
558 2837 730 2884 omisso
761 2855 812 2884 τε
884 2838 938 2884 δέ
968 2855 1020 2896 γε
1060 2839 1106 2884 V
1213 2844 1300 2885 240
1333 2835 1384 2884 ἐν
1413 2839 1560 2898 πεδίῳ
1601 2839 1646 2883 V
1761 2843 1845 2884 241

160 2901 505 2962 Κραμβοβάτην
545 2903 584 2948 V
647 2900 876 2963 ἐκλάσθη]
909 2900 1024 2962 ἐάγη
1066 2905 1119 2957 ῘΤ7
