2038 3140
855 169 913 175 —
999 139 1102 191 158
1185 169 1245 175 -
1383 158 1670 192 ARCHESTR.
1702 159 1892 192 HEDYP.

294 268 593 337 εὐμεγέθη,
633 267 873 338 θερμὸν,
917 271 1105 338 δριμεῖ
1141 269 1505 339 δεδαϊγμένον
1546 270 1668 334 ὄξει.

234 372 259 411 5
293 354 530 425 σκληρὸς
568 359 672 426 γὰρ
714 357 881 425 φύσει
921 357 1092 410 ἐστίν·
1133 358 1347 410 ἅπαντα
1387 358 1453 411 δέ
1487 378 1582 428 μοι
1613 358 1889 427 θεράπευε

293 441 390 496 τὸν
431 441 655 513 στερεὸν
694 446 893 516 τοιῷδε
932 448 1116 517 τρόπω
1159 444 1502 514 μεμνημένος
1543 447 1724 515 ι’χθύν.

292 532 390 584 τὸν
432 529 480 583 δ’
528 530 750 599 ἀγαθὸν
790 535 1037 601 μαλακόν
1075 552 1131 586 τε
1172 535 1338 602 φύσει
1376 532 1468 586 καὶ
1506 536 1672 587 πίονα
1713 535 1889 604 σάρκα

296 618 420 672 ἁλσὶ
461 622 636 688 μόνον
676 625 923 673 λεπτοῖσι
954 621 1130 684 πάσας
1168 620 1260 674 καὶ
1300 621 1462 694 ἐλαίῳ
1502 623 1749 686 ἀλείψας·

295 709 602 778 πληθώρην
642 710 747 778 γὰρ
789 711 898 777 ἔχει
937 717 1030 778 τῆς
1069 708 1290 778 τέρψιος
1330 710 1495 772 αὐτὸς
1534 710 1593 763 ἐν
1634 710 1793 782 αὐτῷ.

58 882 250 914 XXXVII
297 868 388 922 καὶ
427 871 646 938 θύννης
685 870 915 939 οὐραῖον
957 874 1126 940 ἔχειν,
1166 872 1268 940 τὴν
1307 873 1552 924 θυννίδα
1592 864 1761 941 φωνῶ
1905 885 1981 925 (20)

290 959 391 1026 τὴν
431 959 699 1027 μεγάλην,
741 955 805 1027 ἧς
844 961 1178 1029 μητρόπολις
1215 961 1522 1023 Βυζάντιόν
1563 959 1727 1012 ἐστιν.
2022 950 2025 952 v

293 1042 409 1099 εἶτα
447 1048 627 1116 τεμὼν
668 1048 843 1115 αὐτὴν
885 1048 1070 1118 ὀρθῶς
1109 1049 1352 1116 ὄπτησον
1393 1048 1611 1100 ἅπασαν

291 1133 417 1186 ἁλσὶ
458 1137 633 1203 μόνον
674 1138 918 1187 λεπτοῖσι
958 1135 1134 1196 πάσας
1173 1132 1262 1186 καὶ
1302 1134 1466 1205 ε’λαίω
1508 1134 1734 1198 ἀλείψας

232 1241 257 1278 5
290 1222 473 1290 θερμά
511 1220 558 1273 τ’
605 1223 753 1274 ἔδειν
792 1222 993 1291 τεμάχη
1035 1223 1259 1290 βάπτων
1300 1224 1554 1292 δριμεῖαν
1593 1221 1647 1284 ἐς
1693 1223 1886 1292 ἅλμην.

291 1308 381 1362 καὶ
423 1306 538 1379 ξήρ’
578 1308 647 1361 ἂν
687 1307 884 1379 ἐθέλῃς
927 1312 1144 1378 ἔσθειν,
1183 1318 1411 1378 γενναῖα
1450 1308 1710 1362 πέλονται

292 1398 624 1450 ἀθανάτοισι
663 1402 850 1450 θεοῖσι
890 1398 1042 1466 φυὴν
1080 1395 1171 1450 καὶ
1211 1393 1358 1460 εἶδος
1398 1398 1575 1466 ὅμοια.

291 1487 361 1540 ἂν
403 1483 455 1539 δ’
494 1486 603 1551 ὄξει
645 1486 816 1556 ῥάνας
853 1492 1135 1557 παραθῇς,
1177 1487 1462 1540 ἀπόλωλεν
1502 1487 1696 1555 ἐκείνη.

704 1653 905 1686 HOMERI
944 1653 1136 1688 VERSVS
1178 1653 1377 1686 SIMILES

199 1728 396 1773 XXXVI
451 1734 475 1772 6
508 1725 834 1785 μεμνημένος*
868 1727 1084 1772 absolute
1115 1726 1290 1783 legitur
1321 1729 1464 1771 E263

199 1794 414 1855 XXXVII
447 1800 470 1839 7
506 1793 777 1851 ἀθανάτῃσι
809 1793 936 1850 φυὴν
969 1793 1050 1838 καὶ
1083 1791 1206 1844 εἶδος
1237 1793 1403 1850 ὁμοίη*
1436 1795 1461 1846 ζ
1479 1798 1530 1836 16

882 1953 1197 1987 TESTIMONIA

309 2036 542 2084 XXXVII
582 2035 1012 2083 Ath.V11303e:
1048 2028 1301 2096 Ἀρχέλαος
1333 2028 1426 2097 (sic
1453 2027 1546 2099 Al)
1582 2028 1625 2081 δ’
1659 2027 1684 2082 ὁ
1717 2032 1882 2097 κίμβιξ

201 2117 330 2180 φησί
365 2114 501 2164 «καὶ
536 2142 597 2149 -
635 2113 884 2177 ἐκείνη».
961 2113 1193 2161 Eustath.
1239 2117 1402 2175 1720,
1446 2116 1537 2163 61:
1593 2112 1659 2162 ἔτι
1699 2111 1882 2172 ἐκεῖνος

195 2197 453 2267 παρῳδίαν
502 2202 660 2246 ποιῶν
707 2193 786 2244 ἐπὶ
833 2189 980 2262 ὁμοίᾳ
1027 2191 1195 2262 ἐννοίᾳ
1248 2194 1392 2258 φησί·
1454 2194 1720 2243 θυννίδα
1773 2191 1882 2242 κᾶν

197 2277 381 2344 ξηρὰν
429 2275 640 2346 ἐθέλῃς
687 2275 945 2339 ἐσθίειν,
1000 2279 1274 2340 γενναῖαι
1319 2272 1597 2324 πέλονται
1651 2271 1882 2322 ἀθανά-

195 2374 350 2410 τοισι
402 2363 605 2409 θεοῖσι
658 2355 820 2421 φυὴν
873 2354 971 2405 καὶ
1025 2349 1185 2414 εἶδος
1239 2351 1456 2419 ὁμοῖαι.
1543 2353 1614 2403 ἂν
1662 2349 1706 2402 δ’
1761 2351 1882 2412 ὄξει

197 2439 381 2505 ῥάνας
418 2443 719 2506 παραθῇς,
759 2435 1062 2486 ἀπόλωλεν
1102 2435 1312 2500 ἐκείνη.

757 2598 1012 2634 VARIETAS
1051 2598 1322 2633 LEGTIONIS

314 2681 509 2727 XXXVI
541 2687 567 2726 9
597 2680 855 2737 πληθώρην
889 2679 1244 2724 Stadtmueller:
1276 2678 1361 2736 τὴν
1393 2677 1564 2735 ἀρετὴν
1595 2677 1641 2721 Α

314 2747 531 2792 XXXVII
573 2753 593 2791 1
628 2745 687 2802 ἣν
711 2746 866 2803 vulgo,
901 2746 1104 2790 correxit
1128 2745 1340 2790 Ribbeck
1444 2749 1473 2788 4
1504 2750 1678 2801 μοῦνον
1702 2743 1762 2798 A,
1792 2743 1879 2787 sed

197 2815 255 2860 cf.
280 2814 475 2858 XXXVI
498 2819 525 2858 8
621 2819 647 2858 5
674 2811 798 2858 ἔδειν
818 2812 946 2857 Diels
971 2813 1000 2856 1.
1012 2813 1065 2858 Lx
1092 2810 1276 2869 ἔχεινΑ
1370 2817 1396 2856 6
1421 2808 1510 2855 κᾶν
1535 2808 1681 2867 ξηρὰν
1705 2809 1766 2864 A,
1797 2809 1879 2853 καὶ

196 2878 299 2937 ξήρ’
321 2878 380 2924 ἂν
406 2880 675 2936 Dalecamp,
705 2878 867 2923 malim
891 2878 981 2924 κᾶν
1006 2876 1066 2923 αὖ
1091 2876 1196 2935 ξήρ’
1226 2874 1394 2934 ἐθέλῃς
1455 2872 1635 2927 ἐσθίειν
1667 2875 1713 2919 A
1773 2891 1879 2932 ’γεν-

196 2951 329 2991 ναῖαι
360 2946 405 2989 A
535 2952 559 2990 7
593 2945 752 3003 ὅμοιαι
781 2946 841 3002 A,
874 2959 989 2990 corr.
1022 2943 1198 2988 Gesner
1309 2947 1344 2986 <8
1377 2941 1575 2986 fortasse
1609 2938 1767 2986 ε’κεῖνα
