2038 3140
121 119 441 156 FRAGMENTA
789 130 848 136 -
932 101 1002 153 95
1089 132 1143 138 —

701 235 1125 299 Fragmentum
1164 236 1242 283 ΠΙ

235 317 363 365 Vide
405 331 555 378 supra
593 334 637 378 p.
673 318 758 366 55.

701 449 1128 511 Fragmentum
1170 449 1243 496 IV

236 538 370 584 Num
401 537 494 586 hoc
524 537 862 599 fragmentum
888 535 1050 585 Cenae
1073 536 1271 586 Atticae
1296 539 1462 601 fuerit,
1496 554 1646 601 supra
1676 556 1722 601 p.
1742 541 1809 588 56

125 617 349 666 disserui.

712 691 1138 753 Fragmentum
1175 691 1222 738 V

236 778 448 827 Videtur
481 779 542 828 de
573 779 892 827 meretricula
923 794 1030 826 esse
1066 794 1242 828 sermo.
1303 781 1361 828 V.
1385 783 1410 828 l
1447 781 1721 829 Meinekius
1760 780 1819 829 οἵ

127 850 173 909 δ’
211 857 326 924 ἀπὸ,
364 861 489 909 illud
520 861 684 908 minus
717 863 866 923 recte,
897 859 1022 907 nihil
1056 860 1187 908 enim
1220 861 1434 910 offensae
1465 862 1516 908 in
1547 863 1813 923 negatione

126 938 267 990 οὐὸἑε
323 942 463 990 illam
512 958 661 1004 quam
714 940 961 988 nescimus
1008 956 1114 988 rem
1160 957 1259 990 non
1307 942 1670 1003 suspenderunt
1716 939 1813 989 ἀπὸ

124 1020 464 1085 πασσαλόφιν,
511 1023 696 1085 quippe
734 1021 865 1069 unde
912 1036 1182 1083 suspensus
1223 1025 1356 1070 esset
1402 1021 1698 1085 σκινδαψός,
1743 1023 1816 1070 ita

125 1106 184 1152 ut
223 1119 381 1153 novae
419 1104 494 1152 rei
533 1104 670 1152 locus
714 1118 813 1150 non
851 1102 951 1149 iam
992 1105 1288 1164 superesset.
1365 1102 1598 1151 Ceterum
1637 1118 1815 1166 operae

124 1184 346 1246 pretium
378 1187 454 1233 est
486 1175 901 1247 animadvertere,
933 1198 1032 1246 qua
1063 1186 1170 1231 arte
1193 1183 1409 1245 parodus
1435 1184 1641 1232 Homeri
1663 1184 1817 1233 verba

127 1265 511 1314 concinnaverit.
586 1265 749 1313 Matro
789 1266 1004 1314 fortasse
1042 1268 1082 1313 θ
1116 1266 1180 1314 67
1223 1265 1350 1327 legit
1387 1262 1481 1313 κὰδ
1514 1260 1559 1312 δ’
1595 1262 1722 1314 ἀπό.

697 1396 1125 1459 Fragmentum
1163 1397 1235 1444 VI

239 1483 367 1531 Vide
401 1500 553 1546 supra
583 1501 629 1547 p.
664 1486 748 1533 56.
797 1484 855 1534 V.
886 1487 916 1533 2
950 1484 1136 1533 retinui
1156 1485 1402 1546 pluralem
1426 1501 1687 1533 numerum
1721 1484 1823 1534 δῖοί

127 1581 178 1613 τε
222 1563 484 1628 Φίλιπποι,
529 1581 647 1614 nam
688 1565 860 1628 quidni
898 1566 1020 1613 duos
1059 1565 1318 1627 Philippos
1356 1566 1559 1614 laudare
1598 1566 1820 1628 potuerit

127 1645 379 1707 parodus‘?
462 1645 557 1694 Hic
602 1647 710 1709 ipse
762 1662 1024 1709 numerus,
1080 1643 1199 1696 δοιὼ
1250 1646 1355 1696 sive
1404 1645 1597 1710 δοιοὺς,
1653 1646 1818 1695 Stadt-

130 1724 362 1775 'muelleri
425 1728 711 1776 coniectura
770 1727 1015 1790 infertur,
1082 1727 1314 1789 equidem
1369 1726 1467 1776 δῖοι
1526 1727 1818 1776 retinuerim

132 1822 244 1856 cum
273 1807 367 1855 hac
397 1808 610 1858 maxime
640 1824 759 1858 voce
790 1809 999 1871 parodia
1029 1824 1204 1858 versus
1235 1809 1474 1857 homerici
1505 1811 1818 1873 agnoscatur.

130 1889 274 1938 Idem
311 1904 429 1938 vero
467 1905 669 1939 versum
701 1892 734 1938 4
775 1890 976 1954 egregie
1018 1889 1302 1939 emendavit
1341 1889 1560 1938 scribens
1599 1885 1659 1938 ὃν
1690 1887 1819 1938 ἀθά-

131 1987 279 2028 νατος
331 1969 444 2034 λάχε
498 1976 708 2035 γῆρυς,
764 1966 871 2019 ‘cui
922 1986 1045 2034 voit,
1098 1971 1129 2020 i.
1169 1986 1209 2018 e.
1265 1970 1542 2033 loquacitas
1594 1986 1696 2020 non
1747 1972 1821 2018 in-

130 2051 348 2100 teritura
395 2045 504 2116 (καὶ
546 2055 796 2100 τεθνειῶτι
833 2053 998 2099 λαλεῖν
1038 2046 1219 2100 ‘etiam
1258 2067 1371 2100 cum
1408 2053 1636 2100 mortuus
1677 2046 1818 2116 erit')

133 2126 386 2194 contigit'.
463 2131 795 2194 Nequaquam
840 2131 972 2180 enim
1017 2131 1119 2180 iam
1165 2131 1228 2178 ad
1273 2131 1457 2180 inferos
1503 2131 1687 2179 abiisse
1733 2130 1821 2179 sed

132 2212 315 2261 vixisse
354 2211 626 2260 etiamtunc
658 2209 944 2260 Cleonicum
982 2211 1106 2260 satis
1138 2211 1483 2260 demonstrant
1514 2211 1670 2260 verba
1700 2208 1821 2259 ἔστι

136 2290 190 2342 δέ
227 2311 299 2352 τις
336 2290 603 2350 Κλεόνικος
647 2292 820 2342 versui
864 2291 1178 2340 antecedenti
1219 2285 1296 2358 (οἰ
1331 2288 1422 2355 μὲν
1462 2288 1524 2354 δὴ
1571 2295 1821 2340 τεθνᾶσι

134 2368 253 2441 mg.)
293 2374 536 2436 opposita.
602 2373 678 2421 De
725 2370 954 2422 Cleonico
999 2372 1296 2421 Eustathius
1338 2374 1496 2433 1665,
1522 2374 1614 2422 33:
1662 2368 1821 2421 ἰστέον

137 2453 190 2505 δὲ
230 2454 302 2505 ’ὅτι
340 2452 366 2504 ὅ
404 2452 636 2523 παρῳδὸς
674 2451 899 2519 Μάτρων
936 2450 1207 2519 κέντρωνος
1244 2451 1371 2522 λόγῳ
1404 2451 1729 2517 συμφορήσας
1766 2450 1821 2501 ἐν

134 2535 451 2602 μεταποιήσει
495 2532 578 2584 καὶ
624 2532 678 2583 ἐκ
714 2540 813 2583 τῶν
851 2532 974 2584 κατὰ
1018 2533 1267 2600 Τειρεσίαν
1305 2533 1374 2592 εἴς
1410 2551 1520 2582 τινα
1549 2531 1821 2583 Κλεόνικον

138 2615 329 2682 σοφὸν
381 2613 571 2682 ἄνδρα
625 2612 841 2682 ἔγραψεν
894 2613 1071 2675 οὕτωςε
1135 2614 1226 2665 «οἱ
1270 2611 1359 2679 μὲν
1413 2611 1486 2678 δὴ,
1530 2613 1709 2673 πάντες
1746 2637 1822 2647 -

137 2697 540 2765 Περσεφόνεια»,
595 2694 692 2746 διὰ
744 2702 855 2745 τῶν
908 2693 1093 2746 αὐτοῦ
1147 2692 1374 2760 δηλαδὴ
1429 2693 1680 2759 βιβλίων
1725 2690 1823 2742 καὶ

137 2787 250 2830 τῶν
289 2778 350 2829 ἐν
390 2777 591 2837 αὐτοῖς
629 2776 831 2843 λόγων.
899 2783 1042 2826 τοῦτο
1082 2773 1135 2826 δὲ
1172 2772 1257 2825 καὶ
1293 2782 1499 2838 σκῶμμα
1535 2769 1669 2823 ἔσται
1706 2770 1822 2823 ποτὲ

138 2860 290 2911 λάλου
328 2859 524 2927 ἀνδρός.
600 2859 737 2918 Quae
777 2858 916 2907 cuius
954 2857 1147 2906 farinae
1186 2858 1287 2907 sint
1323 2857 1544 2919 apparet.
