2038 3140
898 141 960 147 --
1042 111 1111 162 32
1189 141 1258 146 -
1667 128 1926 162 HIPPONAX

240 249 295 294 ut
320 247 549 295 omittam
574 262 698 308 quae
717 246 776 294 de
795 247 1148 295 consuetudine
1172 246 1261 294 illa
1286 250 1511 296 veterum
1536 247 1923 308 uniuscuiusque

239 328 361 376 artis
394 331 647 376 auctorem
678 329 1048 377 inventoremve
1079 327 1350 390 indagandi
1381 329 1473 376 hac
1506 331 1671 377 aetate
1704 328 1925 376 sentiunt

239 409 334 456 viri
374 409 519 468 docti,
557 408 694 456 nullo
734 409 879 457 modo
918 411 1083 470 potest
1123 409 1323 456 concedi
1354 408 1680 457 Aristotelem
1710 409 1924 456 inscium

241 491 389 550 atque
429 489 643 537 invitum
680 489 1004 550 Hipponactis
1052 490 1105 536 in
1144 489 1397 537 condenda
1442 490 1648 551 parodia
1687 490 1923 536 meritum

239 570 651 630 praetermisisse.
707 568 858 618 Cuius
883 571 1226 618 testimonium
1256 586 1318 618 ne
1344 586 1399 618 eo
1426 571 1623 633 quidem
1649 570 1767 618 licet
1791 569 1923 617 redi-

238 667 371 712 gere,
404 651 537 712 quod
568 651 789 713 Hegemo
823 652 1011 712 primus
1043 652 1364 713 parodiarum
1394 652 1710 699 recitationes
1741 651 1794 698 in
1818 666 1923 698 cer-

238 732 428 779 tamina
473 732 664 780 musica
711 732 998 781 introduxit.
1013 727 1053 797 1>
1129 732 1286 781 Immo
1334 733 1427 780 hoc
1465 733 1637 794 utique
1677 733 1826 780 debet
1864 747 1923 779 ex

237 811 525 860 Aristotelis
567 813 763 861 silentio
804 813 993 876 colligi,
1033 814 1258 862 consulto
1299 814 1523 863 omisisse
1562 813 1706 860 illum
1736 813 1921 874 Hippo-

235 893 394 941 nactis
428 895 731 953 memoriam,
765 895 948 956 quippe
971 895 1110 942 cuius
1136 910 1334 943 carmen
1358 910 1476 943 vere
1501 909 1609 942 esse
1633 893 1921 955 parodicum

235 989 334 1022 non
366 975 677 1038 concederet,
716 978 889 1023 contra
918 975 1120 1024 Polemo
1146 976 1420 1024 ‘admodum
1453 989 1626 1036 sapere
1659 974 1755 1022 sibi
1784 974 1921 1022 visus

238 1058 314 1103 est
359 1055 596 1117 parodiae
641 1057 980 1105 inventionem
1025 1059 1132 1104 tam
1171 1057 1414 1120 antiquae
1454 1056 1611 1104 aetati
1648 1054 1919 1103 vindicans.

235 1137 402 1198 Atque
435 1137 722 1185 Aristotelis
762 1137 886 1184 illud
926 1138 1183 1185 silentium
1215 1137 1622 1185 Wachsmuthius
1662 1135 1920 1183 verissime

234 1218 304 1264 ita
344 1217 581 1280 explicat,
628 1219 685 1265 ut
724 1218 1055 1266 imitationem
1094 1219 1232 1266 illam
1271 1219 1550 1267 homericae
1590 1216 1816 1265 dictionis
1857 1217 1919 1266 ab

235 1297 548 1359 Hipponacte
602 1315 702 1347 non
748 1299 1023 1347 adhibitam
1069 1314 1177 1348 esse
1224 1299 1481 1348 confirmet
1525 1299 1622 1347 nisi
1666 1314 1756 1360 per
1805 1297 1918 1346 illos

234 1379 367 1440 ipsos
410 1381 648 1442 quattuor
686 1380 927 1441 prooemii
964 1395 1138 1428 versus
1179 1396 1209 1427 a
1246 1380 1513 1429 Polemone
1553 1380 1768 1439 adlatos,
1806 1394 1919 1426 cum

234 1459 478 1521 reliquam
523 1460 862 1508 narrationem
917 1460 1031 1508 stilo
1087 1475 1174 1509 suo
1231 1461 1480 1509 constanti
1533 1452 1916 1524 componeret.²)

236 1539 374 1597 Quae
412 1541 539 1589 ratio
578 1540 813 1603 parodica
853 1541 895 1589 si
925 1557 1013 1603 per
1043 1543 1207 1589 totum
1238 1556 1437 1589 carmen
1469 1541 1781 1604 obtinuisset,
1819 1557 1919 1590 non

234 1620 311 1669 his
358 1622 523 1670 verbis
569 1622 890 1671 Polemonem
942 1622 1055 1670 illos
1108 1622 1507 1670 introducturum
1560 1623 1737 1670 fuisse:
1792 1618 1918 1687 λέγει

233 1700 325 1765 γὰρ
365 1701 521 1760 οὕτως
553 1700 605 1750 έν
637 1706 736 1761 τοῖς
767 1699 1057 1768 ἑξαμέτροις,
1098 1703 1183 1752 sed
1214 1703 1290 1751 his
1324 1703 1448 1751 fere:
1486 1699 1710 1767 κέχρηται
1738 1701 1831 1767 γὰρ
1863 1700 1917 1752 ἐν

233 1786 333 1841 τοῖς
379 1779 651 1847 ἑξαμέτροις
705 1776 783 1831 ὧν
837 1780 869 1847 ἡ
923 1782 1084 1848 ἀρχή.
1174 1784 1352 1846 Itaque
1397 1799 1595 1832 carmen
1641 1785 1774 1845 quod
1817 1799 1916 1832 non

232 1862 406 1911 liceret
452 1864 696 1926 appellari
741 1865 979 1926 parodiae
1018 1865 1237 1928 nomine,
1283 1865 1393 1913 iure
1439 1865 1661 1926 potuisse
1702 1865 1765 1913 ab
1806 1865 1915 1913 Ari-

234 1945 413 1993 stotele
450 1945 666 2008 neglegi.

346 2024 624 2088 Singularis
679 2026 832 2074 etiam
885 2028 963 2075 est
1015 2026 1162 2074 huius
1216 2025 1451 2088 parodiae
1503 2025 1559 2073 in
1606 2026 1750 2074 initio
1802 2041 1914 2074 nar-

231 2106 438 2154 rationis
463 2107 658 2168 positae
688 2110 870 2156 natura
901 2110 1050 2170 atque
1080 2106 1285 2155 indoles,
1331 2106 1462 2154 Nam
1487 2106 1530 2155 si
1554 2121 1912 2170 comparamuS,

230 2188 289 2234 ut
327 2187 420 2236 hoc
461 2188 683 2250 exemplo
722 2191 860 2251 utar,
900 2204 1012 2236 cum
1051 2189 1363 2250 Hipponacte
1400 2180 1755 2254 Maronem-⁹²),
1802 2203 1911 2250 par-

231 2267 371 2316 odiae
405 2269 630 2318 excultae
667 2269 1074 2319 florentissimum
1105 2271 1374 2329 auctorem,
1413 2269 1574 2316 Matro
1607 2269 1912 2330 superiorem

353 2462 394 2517 1)
429 2459 504 2505 Sic
535 2458 813 2503 VVelandius
836 2475 882 2516 p.
907 2457 978 2514 26,
1009 2459 1240 2503 Prellerus
1265 2474 1309 2516 p.
1330 2464 1398 2515 79,
1422 2459 1659 2502 Peltzerus
1682 2474 1727 2516 p.
1745 2464 1801 2504 22
1820 2474 1910 2517 sq.;

230 2525 496 2583 Floegelius
523 2525 706 2570 ‘Gesch
732 2525 816 2570 der
839 2538 955 2569 com.
973 2525 1223 2569 Literatur'
1251 2526 1272 2568 I
1294 2541 1339 2582 p.
1358 2530 1444 2570 363
1475 2524 1742 2569 Aristotelis
1766 2525 1911 2570 verba

229 2592 299 2635 ita
330 2592 664 2649 interpretatus
704 2593 776 2635 est
807 2591 1050 2646 tamquam
1079 2591 1286 2648 Hegemo
1325 2592 1502 2649 primus
1536 2591 1772 2636 scaenicas
1802 2606 1911 2649 par-

230 2658 364 2703 odias
395 2658 746 2715 composuisset.

348 2726 394 2782 2)
429 2724 497 2769 Cf.
529 2723 760 2768 Schrader
789 2724 909 2769 Mus.
939 2723 1087 2767 Rhen.
1119 2723 1205 2766 XX
1234 2739 1278 2780 p.
1315 2729 1421 2780 186,
1453 2723 1534 2779 qui
1564 2737 1692 2768 raros
1723 2725 1908 2769 tantum

229 2789 356 2834 locos
387 2789 635 2848 parodicos
663 2789 808 2834 fuisse
839 2789 968 2834 dicit.

349 2858 393 2912 3)
435 2855 644 2913 Hegemo
683 2856 836 2900 minus
885 2858 996 2913 apte
1043 2857 1340 2913 comparatur
1385 2857 1578 2912 propter
1621 2855 1907 2912 peculiarem

229 2922 447 2965 naturam
479 2923 576 2966 eius
606 2921 862 2980 fragmenti
891 2921 1015 2978 quod
1045 2923 1222 2976 exstat3
1254 2921 1312 2967 cf.
1343 2920 1466 2965 infra
1495 2937 1540 2978 p.
1573 2926 1642 2966 39.
