2038 3140
904 158 965 164 —
1051 127 1155 178 144
1237 156 1296 163 ——
1427 145 1708 179 AROHESTR.
1751 147 1939 182 HEDYP.

256 261 397 311 ἔνθα
439 261 508 311 σὺ
547 267 657 311 τῶν
699 260 882 311 ἄλλων
921 259 1169 326 πάντων,
1211 260 1521 326 Μεσσήνιε,
1562 263 1790 326 θνητῶν

257 349 448 414 βρῶμα
488 345 663 409 τιθεὶς
701 348 920 399 τοιόνδε
962 348 1054 399 διὰ
1093 348 1360 415 στόματος
1398 351 1752 408 πλεονεκτεῖς.

197 452 222 490 5
257 435 324 486 οὐ
366 435 475 502 μὴν
515 433 652 486 ἀλλὰ
690 433 847 497 κλέος
885 431 937 501 γ’
976 434 1169 504 ἀρετῆς
1208 432 1345 502 μέγα
1384 433 1555 503 κάρτα
1592 434 1829 504 φέρουσι

254 525 512 574 Κωπαῖαι
549 520 642 573 καὶ
681 524 1051 591 Στρυμόνιαι,
1093 523 1323 591 μεγάλαι
1361 541 1418 574 τε
1456 523 1560 592 γάρ
1601 524 1707 575 εἰσι

254 609 344 661 καὶ
384 610 445 662 τὸ
485 610 655 678 πάχος
693 613 1023 679 θαυμασταί.
1104 611 1245 673 ὅλως
1286 609 1333 662 δ’
1375 606 1526 679 οἶμαι
1564 611 1842 679 βασιλεύει

253 698 477 750 πάντων
515 707 627 751 τῶν
664 696 790 768 περὶ
831 699 989 751 δαῖτα
1027 697 1118 751 καὶ
1156 699 1333 769 ἡδονῇ
1373 699 1694 767 ἡγεμονεύει

254 787 501 855 ἔγχελυς,
541 786 574 854 ἣ
617 787 782 855 φύσει
825 784 974 839 ἐστὶν
1015 785 1281 856 ἀπήρινος
1320 789 1490 856 μόνος
1530 788 1703 856 ἰχθύς.

161 1005 220 1037 IX
252 992 354 1059 τὴν
396 987 444 1044 δ’
482 991 670 1060 ἀφύην
709 994 923 1060 μίνθου
961 998 1142 1044 πᾶσαν
1180 992 1323 1060 πλὴν
1362 992 1463 1059 τὴν
1502 990 1563 1044 ἐν
1597 987 1882 1059 Ἀθήναις,
1949 1005 2026 1044 (10)

251 1080 350 1132 τὸν
389 1082 560 1147 γόνον
601 1079 838 1147 ἐξαυδῶ,
878 1081 976 1132 τὸν
1016 1079 1196 1150 ἀφρὸν
1236 1079 1531 1133 καλέουσιν
1556 1078 1757 1142 Ἴωνες.

249 1166 341 1220 καὶ
382 1165 514 1236 λαβὲ
554 1171 880 1237 πρόσφατον
920 1168 1091 1221 αὐτὸν
1131 1168 1191 1221 ἐν
1231 1168 1521 1221 εὐκόλποιο
1566 1170 1827 1237 Φαλήρου

250 1255 493 1323 ἀγκῶσιν
532 1254 816 1326 ληφθένθ’
858 1257 1036 1326 ἱεροῖς.
1115 1256 1219 1309 κάν
1257 1263 1323 1326 τῇ
1363 1257 1705 1328 περικλύστῳ

191 1360 217 1399 5
251 1342 366 1397 ἐστὶ
396 1341 571 1417 Ῥόδῳ
611 1354 893 1414 γενναῖος,
934 1345 1030 1398 ἐὰν
1070 1345 1358 1415 ἐπιχώριος
1399 1347 1551 1415 ἔλθῃ.

250 1431 319 1485 ἂν
361 1430 426 1486 δέ
461 1450 569 1486 που
612 1434 823 1504 ἱμείρῃς
864 1433 1037 1487 αὐτοῦ
1076 1434 1413 1502 γεύσασθαι,
1454 1433 1595 1503 ὁμοῦ
1634 1434 1737 1504 χρὴ

246 1521 443 1584 κνίδας
482 1521 751 1589 ὀψωνεῖν,
792 1523 887 1585 τὰς
927 1521 1275 1591 ἀμφικόμους
1317 1521 1622 1590 ἀκαλήφας·

250 1610 327 1672 εἰς
364 1609 567 1662 ταύτὸν
606 1609 763 1679 μίξας
803 1608 856 1662 δ’
898 1610 1064 1674 αὐτὰς
1104 1608 1189 1663 ἐπὶ
1227 1610 1471 1679 τηγάνου
1512 1611 1673 1677 ὄπτα,

250 1697 430 1766 εὐώδη
471 1701 669 1768 τρίψας
708 1699 855 1766 ἄνθη
899 1698 1153 1767 λαχάνων
1193 1698 1252 1751 ἐν
1294 1698 1470 1770 ἐλαίῳ.

923 1966 1279 2002 TESTIMONIVM

357 2070 430 2117 IX
478 2069 595 2119 Ath.
629 2069 728 2118 VII
761 2070 929 2119 285b:
979 2065 1045 2118 Ἀ.
1088 2065 1132 2118 δ’
1171 2067 1196 2118 ὅ
1236 2066 1567 2132 ὀψοδαίδαλός
1607 2081 1751 2132 φησι·
1794 2068 1937 2133 «τὴν

247 2177 316 2183 -
359 2148 584 2200 ἕλαίω».

810 2415 1065 2465 νΑΒΙΕΤΑε
1105 2415 1377 2450 LEOTIONIS

363 2510 471 2556 VHI
519 2517 544 2556 5
576 2512 665 2570 γὰρ
699 2528 804 2568 ετης
834 2511 881 2556 Α
1001 2517 1027 2556 6
1066 2518 1220 2556 κῶπαι
1253 2509 1307 2556 αἴ
1340 2511 1387 2556 A
1515 2516 1539 2555 7
1574 2507 1693 2566 ’ὅμως
1723 2510 1789 2567 A,
1825 2507 1938 2562 ὅλως

246 2575 414 2622 Coraes
535 2584 560 2622 9
594 2577 835 2636 ἀπύρηνος
864 2577 924 2634 A,
958 2576 1159 2622 correxit
1190 2576 1363 2622 Coraes

363 2673 429 2716 IX
477 2679 499 2716 1
532 2670 578 2717 δ’
606 2671 805 2717 inseruit
830 2671 1132 2717 Casaubonus
1247 2677 1272 2716 2
1307 2668 1485 2727 ἐξαύδα)
1517 2671 1563 2717 A
1669 2677 1695 2716 3
1731 2670 1843 2731 λαβὲ
1875 2673 1935 2728 A,

246 2737 368 2797 φάγε
385 2737 601 2782 Ribbeck
661 2737 928 2784 εὐκόλποισι
943 2739 1002 2794 Α,
1037 2737 1283 2784 εὐκόλποιο
1307 2737 1523 2782 Meineke
1613 2741 1642 2780 4
1673 2738 1851 2795 ἀγκῶσι
1874 2738 1934 2793 A,

247 2803 313 2847 sic
358 2805 467 2849 ante
504 2804 800 2850 Dindorfium
968 2810 994 2849 6
1042 2803 1102 2850 ἂν
1142 2803 1266 2856 δέτις
1305 2819 1398 2848 που
1445 2801 1623 2861 ἰμείρης
1662 2805 1707 2847 A
1756 2801 1934 2862 (ἰμείρη

245 2868 382 2926 ΒΟ),
423 2868 483 2915 ἂν
523 2868 576 2914 δέ
609 2886 702 2915 που
736 2869 1152 2927 Schweighaeuser
1247 2885 1332 2926 pro
1371 2869 1516 2914 αὐτοῦ
1554 2868 1768 2914 Ribbeck
1799 2869 1937 2914 malit

243 2933 409 2979 τούτου
1064 2967 1068 2970 -
