2038 3140
108 109 323 144 TnAsws
767 121 839 128 —
916 91 985 144 39
1066 121 1129 128 —

107 227 242 285 Quas
290 226 422 275 inter
468 226 699 288 pai-odias
746 227 834 275 illa
881 242 1076 291 quoque
1123 243 1269 276 cenae
1318 227 1584 289 descriptio
1635 227 1791 276 fuisse

107 309 328 370 videtur,
374 323 526 369 quam
566 310 920 356 commemorat
957 307 1245 356 Athenaeus
1284 307 1310 354 I
1350 308 1442 370 5a3
1492 323 1643 370 quam
1683 323 1794 378 par·

108 389 273 437 odiam
311 388 466 437 fuisse
504 389 806 438 homericam
846 405 905 436 ex
943 388 1095 436 simili
1133 389 1349 437 fortasse
1387 388 1628 437 Matronis
1675 389 1795 437 arti-

106 468 216 517 ficio
247 469 434 531 poterit
466 470 648 531 colligi.
705 470 804 518 Sed
833 470 1056 518 iambicis
1090 485 1285 531 quoque
1318 470 1538 518 numeris
1562 469 1795 532 parodias

107 565 289 612 easque
338 566 397 599 ex
443 553 663 613 tempore
713 567 828 600 eum
879 550 1071 599 fudisse
1119 553 1312 599 constat
1359 550 1797 614 paroemiographi

106 632 316 679 alicuius
330 625 370 697 1)
418 631 725 694 testimonie,
781 632 866 693 qui
912 631 1032 679 dicit
1077 631 1221 678 illum
1259 632 1700 693 quotienscumque
1739 632 1792 679 in

107 712 375 760 recitandis
429 712 648 774 parodiis
702 714 954 775 haereret,
1010 712 1251 773 explendo
1298 713 1466 761 versui
1515 712 1627 760 ilico
1676 713 1791 760 sub-

108 793 283 842 iecisse
322 794 474 842 verba
515 787 622 840 ‘uoci
661 791 712 842 τὸ
748 789 992 856 Πέρδικος
1032 787 1240 850 σκέλος’.
1303 792 1444 841 Idem
1482 796 1688 854 propter
1726 793 1796 840 fa-

107 874 280 922 bulam
335 875 413 922 cui
466 872 676 921 Φίλιννα
728 874 908 922 titulus
957 866 1119 939 erat2)
1176 889 1206 921 a
1258 872 1556 935 quibusdam
1610 873 1794 922 veteris

107 955 390 1004 comoediae
442 955 603 1016 poetis
652 955 935 1017 adscriptus
984 957 1073 1003 est.
1165 954 1362 1002 Floruit
1414 954 1571 1017 igitur
1626 956 1793 1002 aetate

108 1036 231 1084 belli
275 1028 737 1102 Peloponnesiaci3)
793 1038 844 1083 et
896 1035 1212 1098 prosperiora
1267 1035 1419 1084 etiam
1464 1034 1662 1084 viderat
1707 1035 1799 1082 irn-

109 1116 238 1178 perii
281 1115 442 1165 Attici
494 1118 722 1177 tempora
779 1116 891 1178 illa,
946 1116 1125 1178 quibus
1179 1116 1300 1165 socii
1343 1115 1558 1165 Athenis
1613 1130 1792 1164 causas

109 1212 259 1258 agere
307 1189 603 1262 solebant.4)
690 1195 977 1259 Cognomen
1035 1197 1205 1260 Φακῆ,
1258 1196 1392 1259 quod
1442 1196 1537 1245 sibi
1589 1197 1695 1258 ipse
1743 1197 1796 1244 in

108 1276 390 1340 fragmento
430 1277 707 1325 Minervam
744 1277 1051 1326 tribuentem
1080 1278 1221 1340 facit,
1259 1277 1374 1325 inde
1413 1293 1527 1325 eum
1566 1279 1797 1339 traxisse,

109 1357 243 1418 quod
295 1359 500 1418 propter
554 1360 832 1419 egestatem
885 1351 1113 1425 lentibus:
1149 1358 1466 1420 potissimum
1512 1361 1800 1407 vesceretur

110 1534 428 1580 narrationem
459 1533 812 1578 accuratissime
845 1534 1100 1592 castigavit
1122 1535 1415 1579 Hermannus
1442 1534 1671 1579 Schrader
1706 1535 1800 1579 ‘die

110 1600 423 1659 parodischen
437 1601 698 1657 Vortraege
723 1601 806 1644 des
830 1601 1073 1658 Hegemon
1097 1615 1180 1645 aus
1206 1601 1386 1646 Thasos
1410 1601 1462 1645 in
1477 1600 1651 1646 Athen’
1680 1601 1799 1645 Mus.

111 1668 260 1712 Rhen.
277 1667 363 1711 XX
390 1671 474 1712 186
494 1681 592 1722 sqq.
640 1666 770 1712 Idem
792 1666 1113 1724 Hegemonem
1137 1668 1276 1714 docet
1305 1681 1402 1712 non
1431 1667 1483 1711 in
1512 1667 1689 1712 theatri
1721 1667 1804 1711 sed

113 1735 163 1778 in
203 1733 321 1778 Odei
360 1746 579 1777 scaenam
617 1733 835 1778 debuisse
888 1733 1098 1790 prodire3
1146 1733 1538 1790 Gigantomachia
1586 1733 1711 1778 enim
1755 1733 1806 1777 in

110 1801 299 1845 theatro
332 1801 439 1843 acta
469 1813 572 1843 esse
605 1813 633 1843 a
664 1799 1023 1844 chamaeleonte
1055 1799 1240 1845 dicitur.

235 1877 277 1931 1)
309 1873 621 1930 Paroemiogr.
655 1872 730 1918 er.
763 1873 835 1918 ed.
864 1874 1071 1918 Leutsch
1109 1875 1156 1918 et
1181 1861 1522 1918 ‘Schneidewin
1553 1873 1574 1916 Ι
1614 1888 1660 1930 p.
1694 1877 1805 1917 406:

113 1940 288 1996 Πέρδιξ
306 1934 365 1995 ἦν
388 1956 458 1990 τις
477 1937 696 1996 Ἀθήνησι
719 1940 863 1996 χωλὸς
886 1940 1107 1997 κάπηλος,
1131 1936 1186 1985 οὗ
1204 1937 1804 1998 διαβεβοημένουεΗγήμων

112 2007 139 2051 ὁ
168 2005 339 2057 Θάσιος
370 2003 510 2050 ὁπότε
548 2007 780 2065 παρῳδῶν
820 2006 1071 2064 ἀπορήσειε
1103 2007 1375 2063 προσετύθει
1414 2005 1515 2050 (καὶ
1551 2005 1602 2050 τὸ
1635 2003 1808 2062 Πέρδι-

114 2089 196 2124 κος
227 2070 428 2124 uuest-09².
499 2071 566 2117 Cf.
600 2071 888 2118 Schneidew.
932 2072 1112 2116 ‘Goett.
1152 2071 1251 2117 Gel.
1282 2071 1415 2116 Anz.’
1460 2077 1574 2116 1837
1613 2086 1659 2128 p.
1692 2076 1805 2125 846;

114 2138 347 2183 Schrader
372 2137 452 2183 1.1.
475 2151 522 2193 p.
543 2142 624 2182 191
651 2137 759 2182 adn.
778 2144 846 2182 11.
879 2137 1001 2182 Vide
1025 2137 1171 2182 etiam
1194 2137 1389 2182 Suidam
1413 2151 1448 2183 s,
1464 2151 1508 2182 v.
1534 2136 1804 2194 Πάμφιλοςι

115 2201 249 2255 οὗτος
281 2203 357 2248 ἀεὶ
389 2201 591 2260 ἔμμετρα
624 2201 779 2260 ἔλεγεν
812 2199 864 2248 ἐν
888 2208 984 2255 τοῖς
1007 2201 1188 2255 πότοις·
1223 2201 1367 2260 ’ἔγχει
1390 2207 1518 2247 πιεῖν
1543 2219 1621 2260 μοι
1646 2202 1728 2248 καὶ
1750 2203 1803 2247 τὸ

114 2271 338 2328 πέρδικος
368 2267 551 2321 σκέλος’
586 2263 682 2317 κτὲ.

237 2347 283 2401 2)
316 2343 507 2388 Polemo
547 2355 621 2399 ap.
653 2342 762 2388 Ath.
794 2343 880 2388 XV
912 2348 1055 2388 699a:
1103 2342 1309 2400 γέγραφε
1349 2341 1402 2387 δὲ
1442 2342 1524 2387 καὶ
1555 2344 1804 2403 κωμῳδίαν

120 2411 188 2465 εἰς
218 2412 300 2456 τὸν
332 2412 531 2469 ἀρχαῖον
569 2407 764 2467 τρόπον,
803 2407 862 2464 ἣν
896 2406 1210 2467 ἐπιγράφουσι
1241 2410 1449 2466 Φιλίνην.
1503 2408 1634 2453 Idem
1665 2409 1687 2452 Ι
1716 2408 1807 2454 eb:

110 2478 331 2536 Ηγήμων
372 2511 382 2522 .
410 2511 419 2521 .
462 2474 517 2521 ὃν
554 2481 611 2533 τῇ
649 2476 823 2537 ἀρχαίᾳ
854 2477 1077 2537 κωμῳδία
1106 2473 1230 2527 τινὲς
1262 2470 1598 2520 ἐπιτάττουσιν.
1660 2475 1806 2532 Frag-

117 2546 330 2590 mentum
360 2556 506 2587 unum
537 2540 744 2586 servavit
772 2540 882 2588 Ath-
914 2541 980 2585 III
1012 2541 1207 2600 108031
1239 2547 1323 2587 700
1353 2541 1500 2587 Kock.

239 2612 285 2666 3)
318 2606 565 2653 consentit
594 2607 785 2652 Polemo
817 2606 899 2663 qui
922 2607 1104 2652 Cratini
1134 2608 1326 2664 (mortui
1349 2608 1407 2653 ol.
1434 2612 1506 2664 89,
1529 2613 1572 2663 2,
1604 2606 1807 2653 Meinek.

119 2675 245 2720 Hist.
278 2674 390 2720 Crit.
416 2689 466 2735 ¹p.
493 2677 551 2718 44
573 2677 660 2730 sq.)
698 2673 1017 2730 Hegemonem
1055 2674 1302 2730 aequalem
1340 2673 1553 2732 appellat
1590 2686 1664 2729 ap.
1697 2671 1807 2719 Ath.

119 2741 209 2786 XV
247 2745 389 2787 6980:
417 2737 667 2797 ’Κρατῖνος
704 2738 729 2783 ὁ
767 2745 851 2796 τῆς
888 2740 1086 2797 ἀρχαίας
1123 2741 1368 2799 κωμῳδίας
1396 2738 1593 2796 ποιητὴς
1625 2775 1634 2784 .
1655 2773 1692 2784 ..
1727 2739 1811 2784 καὶ

120 2815 230 2853 τῶν
262 2804 384 2852 κατ’
413 2806 587 2851 αὐτὸν
612 2803 829 2863 Ἡγήμων
861 2805 886 2850 ὁ
921 2804 1107 2863 Θάσιος,
1140 2803 1194 2850 ὃν
1227 2801 1427 2850 ἐκάλουν
1458 2807 1637 2862 Φακῆν.

0 2865 42 3140 ἰ
243 2876 288 2930 4)
322 2871 601 2917 chamaeleo
634 2885 708 2928 ap.
740 2871 850 2917 Ath.
881 2871 946 2916 IX
975 2872 1116 2918 407b.
