2038 3140
862 156 920 162 -—
1004 124 1072 177 86
1155 152 1217 159 —-
1623 143 1883 178 MATRoms

200 266 400 312 doceret
437 260 722 325 ὑψιπετήεις
761 260 858 310 dici
895 277 985 323 pro
1016 254 1390 324 ὑψιπετηέσσας,
1422 259 1604 309 collato
1635 260 1884 311 Nicandro

201 360 276 406 ap.
317 344 434 392 Ath.
476 343 567 391 XV
608 343 755 392 683d
803 341 1009 400 κάλυκες
1055 339 1251 406 ἀργήεις
1295 357 1384 403 pro
1432 337 1717 406 ἀργήεσσαι,
1763 342 1886 390 item

198 425 338 472 Alex.
367 426 471 473 266
506 422 762 487 ἀμπελόεις
793 419 934 482 ἕλκας
966 425 1016 472 et
1043 424 1145 471 293
1171 419 1337 480 πόσιες
1369 420 1681 486 φαρμακόεις.
1718 422 1886 472 Verba

198 505 362 568 κίχλας
393 501 449 553 θ’
478 502 630 568 ἑξείης
661 502 948 567 ὑψιπετήεις
981 519 1093 551 oum
1118 502 1260 552 daret
1282 502 1499 565 parodus
1525 503 1698 565 utique
1722 504 1888 551 locum

201 585 450 648 Odysseae
498 605 526 650 χ
573 588 679 634 465
716 602 820 648 sqq.
867 585 1114 647 meminit,
1162 599 1258 645 quo
1307 583 1632 632 Telemachus
1680 584 1887 655 ancillas

198 670 377 729 πεῖσμα
415 662 588 729 ὑψόσ’
634 665 963 724 ἐπεντανύσας
1002 664 1260 726 suspendit
1299 660 1365 721 ὡς
1403 663 1617 727 κίχλας.
1680 660 1746 722 ὣς
1786 659 1882 729 αἵγ’

199 745 387 810 ἑξείης
417 746 634 810 κεφαλὰς
659 745 769 811 ἔχον
793 744 886 795 κτὲ.
936 745 1228 807 Ambigitur
1253 746 1311 792 de
1345 760 1523 793 sensu
1547 745 1680 794 vocis
1706 742 1886 806 ὑψιπε-

199 827 344 891 τήεις,
384 845 494 878 cum
531 829 637 877 sine
672 829 820 877 dubio
852 827 989 876 turdi
1020 826 1200 874 marini
1233 826 1475 874 dicantur.
1539 825 1706 888 Atque
1738 826 1889 874 inter-

198 914 398 972 pretum
423 912 700 958 commenta
725 909 1027 958 contortiora
1053 908 1168 955 sunt
1192 924 1340 969 quam
1355 907 1564 956 veriora.
1621 906 1890 968 Aenigma-

198 992 296 1040 tice
329 994 478 1053 poeta
508 992 676 1040 avium
709 990 964 1052 epitheton
997 989 1058 1036 ad
1089 987 1249 1050 pisces
1280 987 1631 1036 describendos
1657 987 1887 1036 deflectit.

201 1073 368 1135 Atque
411 1073 674 1134 suspiceris
716 1072 1006 1120 observasse
1046 1072 1247 1132 poetam
1285 1070 1444 1130 pisces
1484 1069 1597 1117 illos
1635 1069 1790 1116 solere
1832 1085 1890 1116 ex

199 1169 331 1215 aqua
370 1153 612 1214 prosilire.
678 1151 786 1208 Qua
826 1153 885 1199 de
917 1168 969 1199 re
1008 1166 1119 1199 cum
1151 1150 1374 1212 alioquin
1407 1150 1534 1197 nihil
1566 1150 1888 1198 observatum

198 1234 469 1294 reperiam,
518 1234 675 1281 altera
721 1233 775 1280 in
820 1234 1055 1294 promptu
1102 1233 1178 1278 est
1222 1230 1500 1292 explicatio.
1564 1229 1720 1278 Turdi
1759 1229 1890 1278 enim

200 1318 249 1363 et
286 1315 384 1378 ipsi
421 1315 655 1363 facillime
696 1314 968 1362 decurrunt
1007 1312 1070 1360 ad
1107 1312 1334 1374 hamum⁷
1382 1313 1432 1359 et
1471 1326 1584 1359 cum
1621 1310 1746 1359 viles
1790 1311 1891 1359 sint

201 1395 264 1443 ad
302 1395 724 1456 praestantiorum
755 1394 970 1456 piscium
1000 1396 1259 1455 capturam
1291 1392 1604 1454 adhibentur,
1644 1391 1704 1439 cf.
1736 1391 1892 1440 Breh-

199 1476 356 1523 mium
393 1477 424 1522 1.
457 1476 488 1522 l.
522 1492 566 1536 p.
604 1477 707 1523 168
749 1476 799 1522 et
835 1476 938 1522 166
980 1474 1039 1520 de
1071 1474 1231 1521 labro:
1273 1468 1381 1520 eder
1418 1472 1562 1533 Fang
1598 1471 1687 1519 hat
1726 1473 1890 1535 wenig

203 1555 666 1619 Schwierigkeiten‚
705 1556 819 1604 weil
858 1554 955 1603 alle
995 1552 1276 1614 Lippfische
1315 1551 1468 1601 leicht
1505 1568 1570 1600 an
1609 1552 1687 1600 die
1727 1552 1894 1615 Angel

201 1636 363 1699 gehen
389 1675 397 1683 .
426 1675 435 1684 .
462 1636 550 1684 das
581 1636 779 1683 Fleisch
819 1637 954 1685 steht
991 1636 1043 1683 in
1081 1636 1315 1699 geringer
1347 1635 1584 1697 Achtung
1621 1635 1725 1683 und
1757 1634 1894 1683 dient

203 1717 298 1765 den
336 1717 574 1766 Fischern
612 1717 926 1780 gewohnlich
964 1733 1060 1765 nur
1104 1718 1177 1765 als
1210 1716 1376 1765 K6der
1414 1733 1526 1764 zum
1565 1717 1707 1779 Fang
1746 1719 1893 1766 wert-

200 1796 414 1845 vollerer
459 1791 652 1845 Arten'.
730 1797 906 1859 Itaque
956 1798 1056 1845 alte
1102 1798 1327 1846 volantes
1383 1798 1698 1859 appellantur
1742 1797 1894 1858 turdi,

201 1875 333 1938 quod
368 1876 608 1924 arundine
641 1879 692 1925 et
722 1877 821 1940 ipsi
853 1878 1118 1939 capiuntur
1142 1880 1201 1926 et
1230 1879 1378 1926 hamo
1412 1877 1641 1939 suspensi
1673 1877 1735 1924 ad
1767 1877 1893 1926 alios

199 1957 360 2019 pisces
421 1957 712 2006 inescandos
773 1958 888 2006 usui
951 1962 1083 2008 sunt.
1174 1958 1400 2021 Denique
1453 1973 1602 2017 quam
1664 1962 1894 2008 accurate

200 2038 363 2086 Matro
418 2038 629 2099 piscium
674 2040 909 2086 naturam
957 2039 1296 2089 observaverit
1343 2039 1565 2100 exemplo
1620 2039 1762 2088 iuvat
1815 2040 1897 2087 de-

199 2121 478 2166 monstrare
519 2120 935 2169 luculentissimo:
979 2121 1147 2169 confer
1187 2135 1369 2183 quaeso
1408 2120 1561 2169 verba
1598 2117 1682 2167 καὶ
1719 2116 1895 2183 πέτρας

199 2196 704 2263 καταβοσκομένας
738 2193 808 2267 (v.
839 2194 931 2266 79)
974 2217 1085 2249 cum
1117 2201 1340 2249 Brehmii
1378 2200 1543 2250 verbis
1577 2201 1610 2250 1.
1633 2201 1665 2248 l.
1690 2217 1740 2262 p.
1766 2202 1894 2250 166:

200 2275 389 2336 ‘Ihrem
437 2280 642 2331 Gebisse
697 2282 1064 2343 entsprechend
1111 2283 1304 2330 fressen
1353 2282 1434 2331 die
1478 2281 1691 2330 meisten
1736 2281 1897 2330 Arten

199 2360 564 2422 vorzugsweise
603 2361 889 2424 Muscheln,
935 2363 1123 2411 welche
1170 2363 1239 2412 sie
1286 2363 1379 2412 mit
1419 2361 1514 2410 den
1551 2362 1893 2423 beweglichen

200 2439 396 2504 Lippen
443 2457 558 2490 vom
597 2438 798 2490 Grunde
849 2443 969 2491 oder
1012 2459 1112 2492 von
1157 2444 1253 2491 den
1298 2443 1529 2491 Pflanzen
1574 2441 1660 2490 des
1705 2441 1894 2490 Meeres
1940 2442 1948 2456 ⁸

202 2520 406 2570 ablesen
433 2560 443 2570 .
470 2540 503 2585 ‚3
544 2522 670 2571 doch
707 2522 822 2585 gibt
863 2538 914 2572 es
948 2525 1073 2573 auch
1104 2524 1518 2573 Pflanzenfresser
1546 2525 1695 2571 unter
1724 2523 1894 2586 ihnen‚

201 2602 389 2651 welche
411 2602 693 2651 formlich
724 2603 975 2666 weiden‚
1008 2606 1135 2654 ohne
1159 2606 1396 2669 iibrigens
1420 2604 1626 2654 deshalb
1658 2603 1898 2653 tierische

203 2680 357 2731 Stoffe
402 2700 462 2731 zu
508 2679 884 2733 verschmahen'
919 2723 929 2734 .
963 2722 974 2735 .
1035 2679 1103 2735 V.
1147 2681 1178 2735 7
1185 2681 1222 2734 9
1270 2685 1402 2734 ludit
1446 2687 1596 2747 poeta
1642 2683 1898 2747 ambigui-

201 2763 308 2810 tate
346 2764 611 2813 verborum
650 2761 809 2824 ὑάδας
846 2760 902 2814 θ’
945 2763 1234 2826 ὑδατίνους;
1275 2781 1390 2814 cum
1427 2764 1559 2812 enim
1597 2779 1687 2826 per
1727 2779 1780 2812 se
1814 2764 1916 2811 in·-

201 2841 375 2906 tellegi
419 2844 612 2905 possint
648 2845 851 2908 Hyades
889 2846 1111 2908 pluviae,
1158 2847 1357 2896 suculas
1403 2845 1622 2894 marinas
1661 2843 1890 2906 intellegi

202 2922 335 2986 vult3
368 2923 540 2973 eadem
564 2926 831 2976 verborum
863 2926 1167 2990 ambiguitas
1190 2925 1427 2977 Romanis
1451 2924 1619 2974 fraudi
1642 2925 1742 2974 fuit
1765 2927 1896 2975 teste
