2038 3140
0 0 2 82 Ι

132 131 322 164 FRAGM.
356 131 534 163 L—LVI
773 142 834 148 —
920 111 1023 163 165
1106 142 1159 148 —

19 255 88 289 IN
134 246 326 311 σηπίαι
361 241 650 311 Ἀβδήροις
689 262 745 295 τε
783 244 1088 312 ,Μαρωνείῃ
1127 237 1174 294 τ’
1212 241 1295 295 ἐνὶ
1335 241 1521 311 μέσσῃ.
1832 256 1906 294 (39)

0 431 88 466 LVI
133 420 262 480 τοὺς
301 425 406 487 μῦς
443 414 617 480 Αἶνος
656 421 764 487 ἔχει
804 418 1099 487 μεγάλους,
1141 419 1361 487 ὄστρεια
1402 413 1453 470 δ’
1480 416 1746 486 ’Ἀβυδος,
1832 432 1906 470 (50)

129 508 225 569 τὰς
263 507 498 575 ἄρκτους
537 504 782 576 Πάριον,
823 508 953 569 τοὺς
994 502 1054 559 δὲ
1092 505 1285 569 κτένας
1323 507 1355 574 ἡ
1396 509 1716 575 ΛΜιτυλήνη·

128 596 420 658 πλείστους
437 590 487 647 δ’
505 590 802 665 Ἀμβρακιή
827 594 1051 665 παρέχει
1073 593 1164 647 καὶ
1189 596 1401 648 ἄπλατα
1422 593 1534 664 μετ’
1559 595 1817 648 αὐτῶν...

129 685 400 753 Μεσσήνῃ
443 680 503 736 δὲ
541 684 887 754 πελωριάδας
926 684 1363 753 στενοπορθμίδι
1401 686 1616 752 κόγχας.

127 772 230 826 κάν
266 768 478 844 Ἐφέσῳ
518 774 680 841 λήψει
717 773 813 835 τὰς
851 773 1000 834 λείας
1039 772 1160 824 οὔτι
1199 772 1460 841 πονηράς.

127 863 301 929 τήθεα
340 861 676 930 Καλχηδών·
715 862 846 922 τοὺς
883 862 1125 929 κήρυκας
1166 855 1218 912 δ’
1257 859 1535 929 ἐπιτρίψαι

129 950 158 1003 ὁ
201 950 363 1017 Ζεύς,
403 950 534 1012 τούς
571 968 629 1002 τε
668 952 1107 1016 θαλασσογενεῖς
1145 945 1236 1000 καὶ
1275 950 1405 1011 τοὺς
1444 947 1767 1017 ἀγοραίους,

127 1039 271 1107 πλὴν
313 1037 436 1101 ἑνὸς
474 1037 805 1107 ἀνθρώπου·
846 1045 1030 1100 κεῖνος
1070 1035 1134 1089 δέ
1169 1038 1270 1106 μοί
1304 1035 1455 1089 ἐστιν
1495 1035 1708 1107 ἑταῖρος

129 1126 350 1196 Λέσβον
391 1125 763 1194 ἐριστάφυλον
801 1127 1003 1194 ναίων,
1036 1120 1293 1193 Ἀγάθων
1333 1121 1394 1178 δὲ
1431 1129 1689 1178 καλεῖται.

646 1381 845 1415 HOMERI
884 1380 1077 1415 VERSVS
1120 1379 1303 1414 SIMILIS

158 1461 238 1505 LV
277 1460 425 1519 ’Ἀργεῖ’
455 1461 639 1522 μέσσῳ*
683 1465 717 1505 Ζ
741 1467 829 1506 224

818 1689 1131 1723 TESTIMONIA

239 1778 330 1825 LV
375 1779 492 1826 Ath.
525 1778 626 1826 VII
659 1779 828 1828 324b:
870 1772 896 1827 ὁ
931 1773 984 1826 δὲ
1015 1772 1448 1840 πολυμαθέστατος
1480 1771 1817 1842 Ἀρχέστρατός

128 1871 251 1922 φησι
292 1857 536 1921 «σηπίαι
573 1885 632 1893 -
671 1855 901 1926 μέσσῃ».

239 1961 355 2009 LVI
409 1962 527 2010 Ath.
567 1961 646 2009 III
687 1963 751 2011 92
766 1962 820 2010 d:
875 1959 959 2010 καὶ
999 1956 1066 2010 ’A.
1115 1955 1159 2010 δ’
1205 1958 1257 2010 ἐν
1304 1960 1646 2030 Γαστρονομίᾳ
1692 1961 1820 2026 φησί

128 2042 303 2102 «τοὺς
340 2069 410 2076 -
453 2046 772 2092 καλεῖται».
854 2044 1068 2092 Ennius:
1130 2058 1328 2091 mures
1377 2045 1517 2091 sunt
1562 2043 1710 2092 Aeni
1758 2083 1768 2093 .
1802 2083 1812 2092 .

128 2127 334 2172 ostrea
370 2123 630 2185 plurima
667 2123 866 2187 Abydi
904 2161 950 2172 ..
991 2126 1208 2186 pecten
1245 2123 1592 2186 Mitylenae.

690 2364 944 2403 VARIETAS
983 2363 1252 2399 LECTIONIS

244 2447 324 2491 LV
369 2447 648 2504 Μαρωνείης
680 2447 941 2507 Μαρωνείᾳ
972 2446 1018 2490 A

244 2528 348 2574 LVI
382 2534 404 2572 1
431 2528 538 2579 τοὺς
561 2525 708 2584 ‘most’
735 2526 764 2583 ἡ
797 2524 929 2579 αἶνος
950 2527 1013 2585 A,
1044 2525 1100 2572 θ’
1128 2524 1266 2578 Αἶνος
1288 2525 1504 2571 Meineke
1574 2526 1741 2584 ὄστρεα
1764 2527 1812 2571 Α

125 2600 152 2640 2
195 2594 417 2652 μιτυλήνη
449 2594 518 2650 A,
565 2592 765 2638 correxit
795 2593 998 2638 Dindorf
1113 2598 1140 2638 3
1177 2594 1420 2644 πλείστους
1457 2594 1511 2637 ut
1541 2593 1812 2649 corruptum

126 2661 370 2718 suspectat
399 2659 814 2716 Schweighaeuser
885 2655 1154 2719 Ἀμβρακίηε
1181 2657 1432 2718 Ἀμβρακία
1461 2658 1508 2703 Α
1574 2660 1684 2716 post
1713 2673 1756 2703 v.
1781 2664 1809 2704 3

123 2725 346 2772 lacunam
372 2723 605 2771 indicavit
626 2724 839 2781 Dindorf‚
870 2725 1085 2770 Ribbeck
1107 2725 1231 2770 hunc
1255 2724 1468 2770 ordinem
1490 2739 1708 2770 versuum
1732 2739 1811 2771 ex—

125 2791 374 2849 cogitavit:
407 2797 538 2849 1—3,
570 2795 701 2846 6—9,
733 2795 775 2847 ὅ,
806 2795 835 2834 4
942 2795 972 2835 4
1002 2793 1317 2849 πελωριαδαις
1340 2793 1740 2850 στενοπορθμίδαι
1761 2792 1811 2838 A

125 2863 152 2902 5
185 2854 236 2903 ἐν
268 2855 313 2903 δ’
344 2854 531 2920 Ἐφέσῳ
563 2857 764 2903 coniecit
792 2856 1006 2902 Ribbeck
1124 2857 1208 2910 τὰς
1238 2858 1365 2910 λείας
1393 2858 1462 2914 A,
1492 2857 1698 2911 λεπάδας
1727 2858 1811 2912 τὰς

125 2923 325 2969 coniecit
353 2923 569 2972 Ribb3ck
661 2928 688 2968 8
721 2921 774 2967 δέ
805 2939 884 2981 μοι
916 2920 1039 2969 ἐστὶν
1062 2923 1122 2981 A,
1156 2922 1210 2969 δέ
1241 2925 1326 2981 μοί
1342 2920 1467 2969 ἔστιν
1497 2923 1810 2970 Bussemaker
