2038 3140
113 134 430 169 FRAGMENTA
754 145 817 151 —
900 114 1004 167 109
1087 144 1149 151 —

542 280 897 314 TESTIMONIVM
937 269 987 314 et
1026 281 1382 314 FRAGMENTVM

234 362 400 407 Galeni
425 363 656 418 Protrept.
683 375 783 418 cap.
810 362 919 405 XIII
942 377 987 418 p.
1013 368 1067 406 35
1100 361 1286 406 Kuehn:
1332 360 1432 406 Ὅτι
1455 358 1539 418 μὲν
1566 359 1631 412 εἰς
1656 357 1795 404 οὐδὲν

114 437 206 474 τῶν
238 428 359 473 κατὰ
390 428 471 473 τὸν
505 430 607 487 βίον
641 426 787 485 ἔργων
821 426 1040 485 χρήσιμος
1070 427 1098 483 ἡ
1131 434 1221 471 τῶν
1254 428 1473 484 ἀθλητῶν
1505 426 1711 482 ἄσκησις,
1743 422 1795 469 εὖ

115 493 208 540 οἷδ’
237 493 320 550 ὅτι,
354 493 501 552 σαφὲς
528 494 618 551 ἤδη
653 493 862 551 γέγονεν·
899 492 968 538 ὅτι
1000 493 1052 538 δὲ
1086 494 1164 537 καὶ
1200 491 1251 538 ἐν
1284 495 1441 545 αὐτοῖς
1465 492 1533 545 οἷς
1557 494 1795 547 ἀσκοῦσιν,

117 559 310 612 οὐδενός
334 560 452 605 εἰσιν
484 561 609 615 ἄξιοι
640 559 791 618 λόγου,
825 558 1020 618 μάθοιτ’
1050 560 1123 615 ἄν,
1157 559 1200 604 εἰ
1229 561 1540 618 διηγησαίμην
1573 561 1682 617 ὑμῖν
1714 560 1795 604 τὸν

53 630 81 670 5
114 630 272 684 μῦθον
299 623 498 682 ἐκεῖνον,
531 626 584 672 ὃν
616 634 708 671 τῶν
741 628 826 671 οὐκ
859 626 1075 683 ἀμούσων
1108 628 1294 683 ἀνδρῶν
1325 644 1393 678 τις
1425 623 1633 678 ἐντείνας
1666 625 1794 671 ἔπεσι

117 694 432 739 διεσκεύασεν.
465 695 479 750 Η
512 692 606 737 ἔστι
638 692 684 738 δ’
714 691 866 744 οὗτος·
1818 716 1852 746 p.
1866 706 1908 740 36
1922 705 1977 738 Κ.

225 771 299 821 Εἰ
338 770 478 831 Διὸς
523 770 715 839 γνώμῃ
762 776 895 821 πᾶσι
934 777 1049 831 τοῖς
1090 766 1245 840 ζῴοις
1285 768 1516 837 ὁμόνοια
1554 768 1644 822 καὶ
1683 790 1796 823 κοι-

114 859 291 909 νωνία
329 855 548 925 γένοιτο
587 858 725 927 πρὸς
763 859 861 911 τὸν
900 859 1045 925 βίον,
1086 857 1159 919 ὡς
1194 858 1290 909 τὸν
1324 857 1384 910 ἐν
1411 855 1672 929 Ὀλυμπία
1704 860 1798 926 κή-

115 965 255 1014 ρυκα
287 946 358 1014 μὴ
392 948 569 1014 μόνον
601 946 937 1015 ἀνθρώπους
967 947 1098 1008 τοὺς
1122 944 1569 1015 ἀγωνιουμένους
1591 951 1796 1014 καλεῖν,

29 1042 84 1081 10
115 1033 254 1086 ἀλλὰ
291 1032 383 1087 καὶ
422 1042 591 1087 πᾶσιν
631 1033 942 1103 ἐπιτρέπειν
987 1042 1102 1096 τοῖς
1143 1031 1300 1106 ζῴοις
1346 1036 1423 1097 εἰς
1468 1036 1530 1087 τὸ
1570 1036 1797 1089 στάδιον

113 1123 285 1190 ἥκειν,
326 1120 447 1175 οὐδ’
486 1120 566 1176 ἕν’
603 1122 672 1176 ἂν
710 1124 1015 1193 ἄνθρωπον
1054 1118 1207 1191 οἶμαι
1239 1125 1673 1191 στεφθήσεσθαι.
1737 1124 1797 1177 ἐν

116 1207 216 1279 μὲν
255 1211 361 1280 γὰρ
405 1212 606 1283 δολίχῳ
647 1210 972 1280 ὑπέρτατος,
1012 1213 1213 1280 φησίν,
1253 1210 1282 1264 ὁ
1324 1211 1487 1274 ἵππος
1526 1214 1701 1280 ἔσται,

187 1299 250 1351 τὸ
291 1299 518 1352 στάδιον
561 1297 621 1352 δὲ
660 1301 874 1367 λαγωὸς
913 1299 1222 1367 ἀποίσεται,
1264 1299 1324 1352 ἐν
1365 1298 1426 1352 δὲ
1466 1301 1675 1371 διαύλῳ

192 1388 394 1456 δορκὰς
433 1387 766 1456 ἀριστεύσει·
806 1389 1062 1456 μερόπων
1103 1386 1151 1440 δ’
1193 1387 1517 1456 ἐναρίθμιος
1556 1387 1740 1451 οὐδεὶς

0 1480 83 1537 Ι15
188 1474 248 1527 ἐν
291 1478 472 1528 ποσίν.
551 1472 593 1529 ὦ
632 1483 839 1544 κοῦφοι
878 1475 1199 1545 ἀσκήτορες,
1241 1477 1430 1528 ἄθλιοι
1470 1477 1682 1547 ἄνδρες.

625 1614 823 1647 HOMERI
862 1612 1052 1648 VERSVS
1094 1613 1293 1647 SIMILES

146 1685 170 1724 7
204 1679 318 1731 Διὸς
349 1677 396 1723 δ’
425 1675 645 1724 ἐτελείετο
678 1679 821 1739 βουλή
848 1679 854 1739 Ι
889 1683 925 1723 Α
951 1685 975 1724 5
995 1679 1055 1724 al.

205 1746 348 1805 βουλῇ
381 1744 495 1797 Διός
532 1745 688 1802 hymn.
721 1745 838 1790 Ven.
870 1751 927 1790 23

204 1812 320 1864 Διὸς
352 1812 524 1871 βουλὴν
557 1808 794 1870 ἐπακούσῃ
823 1814 828 1867 l
864 1813 887 1866 ξ
913 1816 998 1856 328
1017 1811 1076 1857 al.

209 1878 356 1934 Ζηνὸς
386 1877 718 1935 πυκινόφρονα
750 1877 921 1937 βουλήν
949 1880 956 1936 Ι
989 1878 1146 1934 hymn.
1179 1878 1319 1923 Mero.
1353 1882 1439 1923 538

203 1945 319 1996 Διὸς
350 1946 569 2004 βουλῇσιν
608 1947 662 1988 Ν
682 1950 768 1989 524

204 2011 321 2063 Διὸς
351 2010 554 2068 μεγάλου
586 2010 668 2055 διὰ
700 2009 870 2070 βουλάς
896 2014 902 2068 Ι
936 2014 975 2055 θ
999 2017 1054 2056 82

146 2082 173 2121 8
205 2075 262 2120 αἲ
286 2076 375 2133 γὰρ
409 2080 498 2121 Ζεῦ
528 2092 580 2121 τε
608 2075 756 2133 πάτερ
788 2077 870 2121 καὶ
897 2073 1118 2133 Ἀθηναίη
1151 2076 1232 2121 καὶ.
1252 2073 1470 2122 ’Ἄπολλον

142 2198 146 2201 .
204 2147 330 2193 τοῖος
358 2149 503 2187 πᾶσιν
533 2143 688 2200 θυμὸς
720 2140 791 2188 ἐνὶ
822 2142 1043 2198 στήθεσσι
1073 2140 1256 2199 γένοιτο
1297 2146 1341 2186 Δ
1364 2146 1450 2187 288
1468 2156 1534 2198 sq.

206 2207 268 2266 μὴ
299 2215 436 2253 τοῦτο
468 2209 607 2265 φίλον
639 2208 720 2252 Διὶ
749 2208 890 2265 πατρὶ
922 2206 1103 2271 γένοιτο
1130 2211 1138 2266 Ι
1172 2225 1201 2265 η
1226 2214 1313 2254 316

120 2281 174 2320 12
205 2273 538 2331 πανυπερτάτη
571 2273 642 2319 εἰν
674 2274 749 2320 ἁλὶ
782 2280 933 2319 κεῖται
959 2277 966 2332 Ι
1001 2291 1018 2319 ι
1041 2279 1098 2319 25
1214 2273 1396 2319 ἔσσεται
1426 2273 1564 2331 ὅρκος
1590 2276 1596 2327 Ι
1622 2278 1659 2318 A
1684 2279 1770 2319 239

120 2347 175 2387 13
206 2339 422 2399 λαγωόν*
461 2345 507 2385 K
528 2346 612 2387 361
735 2340 1015 2398 ἀποίχεται*
1054 2343 1083 2386 δ
1109 2346 1191 2387 109
1298 2340 1582 2386 ἀποίσετον*
1621 2342 1662 2384 Ε
1685 2345 1770 2386 257

120 2413 176 2453 14
210 2411 216 2464 Ι
245 2405 351 2452 αἰὲν
382 2406 645 2464 ἀριστεύειν
686 2410 721 2451 Ζ
745 2412 831 2452 208
848 2407 908 2452 al.

210 2473 316 2519 οὔτε
348 2471 455 2518 ποτ’
485 2469 536 2518 ἐν
566 2471 751 2533 πολέμῳ
784 2469 1059 2531 ἐναρίθμιος
1089 2471 1189 2519 οὔτ’
1218 2470 1290 2519 ἐνὶ
1320 2475 1462 2534 βουλῇ
1499 2477 1535 2518 Β
1559 2478 1646 2519 202

209 2535 490 2598 ἐναρίθμιον
523 2537 646 2585 εἶναι
672 2542 679 2597 Ι
714 2555 746 2597 μ
770 2543 827 2584 65
948 2537 1089 2585 οὐδέν
1116 2543 1123 2597 Ι
1158 2543 1187 2585 δ
1213 2546 1296 2586 195
1314 2540 1374 2586 al.

678 2664 934 2699 VARIETAS
972 2665 1243 2700 LECTIONIS

236 2737 263 2775 3
298 2726 349 2775 ἐν
366 2732 526 2784 αὐτοῖς
542 2729 611 2784 οἷς
625 2745 710 2789 pro
736 2727 787 2776 ἐν
805 2726 989 2783 ἑαυτοῖς
1004 2729 1074 2783 οἷς
1097 2731 1343 2787 Goulsmn,
1367 2726 1420 2776 ἐν
1435 2729 1506 2783 οἷς
1528 2729 1804 2788 Marquardt

122 2802 176 2842 11
215 2795 350 2855 ἥκειν
387 2797 550 2857 Haupt
592 2812 677 2856 pro
716 2797 850 2856 ἥκειν
892 2794 949 2843 ἓν
1108 2803 1163 2842 12
1210 2798 1399 2858 ὃολίχφε
1445 2797 1614 2857 δολιχῷ
1659 2795 1802 2854 vulgo

118 2860 377 2920 ὑπέρτατος
406 2862 641 2910 Chartier:
671 2862 930 2921 ὑπέρτατα,
968 2863 1112 2921 φησὶν
1143 2862 1169 2908 ὁ
1201 2863 1343 2915 ἵππος
1373 2861 1502 2908 ἔσται
1532 2861 1604 2909 ed.
1630 2861 1806 2907 Aldina

121 2931 172 2974 et
199 2928 485 2976 Basileensis
607 2933 663 2973 15
694 2930 953 2986 ἀσκητῆρες
990 2931 1101 2975 ante
1140 2928 1398 2987 Hauptium
