2038 3140
92 468 144 507 15

90 909 145 949 20

861 167 924 175 —
1006 138 1038 190 6
1124 168 1180 174 -
1529 156 1863 191 BATRAOHOM.

253 269 426 337 Ξεῖνε,
448 271 528 331 τίς
553 265 627 333 εἷς
655 271 833 321 πόθεν
857 265 1027 337 ἦλθες
1051 266 1131 321 ἐπ’
1157 264 1321 338 ᾐόνας
1347 271 1427 331 τίς
1446 267 1509 321 δέ
1531 264 1580 321 σ’
1604 269 1632 322 ὁ
1659 270 1864 336 φύσας;

177 358 354 409 πάντα
395 354 444 409 δ’
490 357 830 426 ἀλήθευσον,
872 359 943 426 μὴ
983 358 1329 425 ψευδόμενόν
1369 371 1428 409 σε
1467 359 1665 426 νοήσω.

179 448 229 497 εἰ
265 447 370 515 γάρ
412 460 470 498 σε
511 448 707 513 γνοίην
747 448 914 515 φίλον
954 446 1133 513 ἄξιον,
1175 445 1229 508 ἐς
1270 447 1443 513 δόμον
1482 446 1617 513 ἄξω,
1892 458 1933 491 15

180 536 330 603 ὁῶρα
372 533 437 586 δέ
470 553 556 586 τοι
597 534 757 586 δώσω
799 535 1006 602 ξεινήια
1045 535 1220 586 πολλὰ
1258 532 1350 587 καὶ
1390 534 1575 587 ἐσθλά.

178 621 286 691 εἰμὶ
330 620 379 674 δ’
427 623 531 689 ἐγὼ
572 625 832 690 βασιλεὺς
875 625 1260 690 Φυσίγναθος,
1302 622 1361 685 ὃς
1399 624 1534 675 κατὰ
1573 624 1773 690 λίμνην

176 720 412 779 τιμῶμαι
451 712 740 781 βατράχων
778 711 1085 780 ἡγούμενος
1123 711 1301 779 ἤματα
1340 711 1540 763 πάντα·

176 801 274 851 καί
306 819 371 867 με
411 800 587 867 πατὴρ
629 800 849 868 Πηλεύς
886 797 1007 852 ποτ’
1053 798 1324 867 ἐγείνατο,
1357 796 1763 868 Ὑδρομεδούσῃ

178 886 396 956 μιχθεὶς
435 887 495 940 ἐν
536 890 789 956 φιλότητι
827 883 955 957 παρ’
1000 889 1195 956 ὄχθαις
1229 885 1565 956 Ἠριδανοῖο.
1893 900 1936 932 20

177 974 268 1028 καὶ
309 972 369 1027 σε
411 973 460 1027 δ’
508 975 617 1046 ὁρῶ
658 979 828 1029 καλόν
866 996 922 1029 τε
962 974 1053 1028 καὶ
1093 977 1324 1045 ἄλκιμον
1363 976 1553 1045 ἔξοχον
1592 976 1776 1028 ἄλλων

181 1067 551 1133 [σκηπτοῦχον
590 1068 826 1134 βασιλῆα
865 1064 955 1118 καὶ
995 1065 1055 1118 ε’ν
1094 1063 1381 1133 πολέμοισι
1421 1065 1687 1133 μαχητὴν]

178 1154 426 1221 ἔμμεναι·
467 1149 585 1206 ἀλλ’
631 1155 726 1222 ἄγε
767 1159 985 1206 θᾶσσον
1025 1152 1122 1221 ἑὴν
1162 1154 1360 1220 γενεὴν
1400 1152 1644 1222 ἀγόρευε.

179 1277 188 1290 ς
258 1244 367 1294 Τὸν
407 1240 456 1293 δ’
504 1238 574 1294 αὖ
626 1242 911 1312 Ψιχάρπαξ
951 1242 1203 1310 ἠμείβετο
1244 1238 1505 1310 φώνησέν
1543 1257 1623 1293 τε·

724 1379 923 1412 ΗΟΜΕΒῙ
961 1379 1082 1412 LOCI
1119 1378 1320 1412 SIMILES

181 1449 234 1487 13
267 1446 335 1495 τίς
364 1443 518 1489 πόθεν
552 1443 618 1496 εἷς
649 1445 858 1502 ἀνδρῶν;
889 1444 1010 1489 πόθι
1041 1461 1113 1488 τοι
1143 1443 1275 1496 πόλις
1305 1443 1390 1500 ἠδὲ
1423 1451 1606 1500 τοκῆεςς
1640 1461 1670 1487 α
1706 1448 1789 1487 170

182 1515 235 1552 14
267 1512 354 1553 καί
379 1527 457 1567 μοι
487 1509 613 1555 τοῦτ’
650 1509 906 1568 ἀγόρευσον
940 1507 1186 1568 ἐτήτυμον,
1222 1509 1333 1568 ὄφρ’
1371 1508 1422 1555 εὖ
1457 1509 1565 1554 εἰδῶ
1600 1527 1629 1552 α
1665 1514 1748 1553 174

182 1580 235 1619 15
267 1576 348 1620 τὸν
381 1575 465 1633 μὲν
499 1573 586 1634 ἐγὼ
618 1578 733 1634 πρὸς
766 1575 943 1634 δώματ’
979 1577 1105 1635 ἄγων
1138 1574 1189 1621 εὖ
1224 1573 1454 1632 ἐξείνισσα
1487 1594 1520 1620 ω
1553 1581 1636 1621 271

182 1646 234 1684 16
269 1645 356 1685 καί
381 1641 429 1686 οἵ
457 1644 586 1700 δῶρα
615 1642 764 1701 πόρον
797 1642 1001 1698 ξεινήια,
1034 1640 1111 1687 οἷα
1145 1639 1281 1703 ἐῴκει
1314 1660 1348 1686 ω
1381 1647 1467 1687 273

267 1708 483 1765 ’κειμήλια
513 1710 659 1754 πολλὰ
692 1709 773 1754 καὶ
806 1706 989 1754 ἐσθλά*
1023 1715 1051 1752 Ι
1072 1714 1157 1755 330

183 1779 235 1819 18
268 1773 425 1831 ἤματα
455 1776 645 1820 πάνταῧές
678 1778 705 1836 β
738 1782 793 1821 55

181 1845 235 1884 19
270 1842 386 1898 φασὶ
419 1840 468 1886 σὲ
500 1841 585 1899 μὲν
618 1845 804 1899 Πηλῆος
835 1843 1072 1900 ἀμύμονος
1106 1839 1300 1899 ἔκγονον
1334 1839 1478 1896 εἶναι,

268 1908 438 1965 μητρὸς
469 1907 516 1952 δ’
552 1906 604 1953 ἐκ
639 1906 830 1961 Θέτιδος
861 1906 1236 1964 καλλιπλοκάμου
1268 1907 1546 1964 ἁλοσύδνης·

269 1973 416 2030 αὐτὰρ
451 1971 568 2031 ἐγὼν
601 1973 700 2027 υἱὸς
731 1974 1040 2032 μεγαλήτορος
1066 1972 1271 2030 Ἀγχίσαο
1309 1976 1350 2016 ‘1‘
1375 1979 1462 2018 206
1481 1987 1578 2029 sqq.

271 2039 641 2098 Εὐρυμέδουσα*
672 2059 700 2098 η
728 2048 754 2086 8

181 2110 238 2150 20
271 2107 350 2149 ἵνα
382 2109 565 2163 μίσγεαι
599 2104 648 2151 ἕν
681 2107 892 2164 φιλότητι
924 2111 959 2151 Β
993 2113 1077 2152 232

271 2172 324 2216 ὅν
349 2189 460 2217 ποτε
485 2173 633 2231 μήτηρ
655 2174 659 2232 Ι
683 2211 691 2218 .
713 2210 721 2218 .
746 2173 861 2231 παρ’
884 2173 1082 2231 ὄχθῃσιν
1102 2171 1357 2230 Σιμόεντος
1377 2172 1382 2230 Ι
1402 2169 1579 2229 γείνατ’
1608 2175 1649 2214 Δ
1668 2175 1755 2215 474
1769 2185 1871 2228 sqqe

182 2242 234 2280 21
269 2238 350 2281 καὶ
382 2239 458 2295 σύ,
491 2241 646 2296 φίλος,
679 2239 803 2298 μάλα
833 2239 922 2298 γάρ
956 2237 998 2284 σ’
1035 2238 1154 2297 ὁρόω
1186 2237 1329 2284 καλόν
1360 2254 1409 2282 τε
1442 2235 1589 2295 μέγαν
1621 2253 1669 2282 τε

271 2303 462 2361 ἄλκιμος
496 2303 610 2361 ἔσσ’,
641 2308 720 2351 ἰ’να
752 2303 844 2351 κτὲ.
879 2324 910 2350 α
941 2311 1024 2351 301
1039 2321 1106 2363 sq.

272 2371 357 2427 οὐχ
389 2370 534 2432 ὁράᾳς
564 2371 662 2424 οἷος
691 2372 772 2416 καὶ
802 2369 891 2430 ἐγὼ
923 2370 1064 2423 καλός
1093 2387 1141 2416 τε
1174 2369 1316 2428 μέγας
1346 2386 1396 2415 τε
1432 2372 1471 2413 Φ
1504 2373 1588 2414 108

276 2434 437 2492 ἔξοχον
468 2435 652 2481 ἄλλων*
683 2444 710 2481 Ι
733 2443 816 2483 641
834 2439 910 2482 ξύμ

185 2507 239 2547 22
274 2509 555 2559 σκηπτοῦχοι
588 2504 834 2562 βασιλῆες*
866 2507 902 2547 Β
934 2508 990 2548 86

183 2574 240 2614 23
273 2567 373 2613 ἀλλ’
410 2568 493 2626 ἄγε
523 2571 741 2614 θᾶσσον*
778 2587 807 2614 κ
837 2574 896 2614 44

183 2639 241 2678 24
271 2634 353 2679 τὸν
385 2630 431 2678 δ’
468 2631 571 2678 αὖτ’
607 2633 794 2687 Αἰνείας
825 2635 1110 2693 ἀπαμείβετο
1143 2630 1360 2690 φώνησέν
1391 2648 1439 2677 τε
1477 2634 1518 2674 '1‘
1547 2637 1628 2676 199

744 2759 1000 2795 VARIETAS
1037 2756 1311 2794 LEOTIONIS

306 2830 358 2869 13
383 2825 564 2882 ἠιόνας·
597 2829 666 2879 τίς
690 2826 743 2872 δέ
770 2823 814 2872 σ’
835 2827 859 2872 ὀ
885 2826 990 2884 (sic)
1016 2825 1169 2883 φύσας
1193 2825 1249 2880 L,
1287 2823 1473 2880 ἠϊονας;
1505 2824 1574 2876 τίς
1607 2822 1632 2867 ὁ
1657 2821 1810 2879 φύσας
1835 2821 1875 2865 J

186 2894 240 2935 18
260 2888 312 2936 ἔν
330 2891 573 2951 βατράχων
590 2893 633 2937 L
705 2898 758 2938 19
775 2891 881 2939 ποτ’
907 2889 1135 2950 ἐγείνατο]
1154 2888 1458 2947 ἀνεθρέψατο
1482 2889 1528 2934 V
1582 2893 1639 2933 20
1657 2886 1808 2944 ὄχθας
1832 2887 1876 2931 V

178 2955 469 3019 Ἠριδανοῖο]
485 2958 768 3004 ὠκεανοῖοῑ
828 2963 899 3017 22,
913 2964 968 3005 23
983 2971 1071 3003 om.
1092 2955 1403 3012 Vman.prior
1463 2958 1522 3000 24
1535 2953 1874 3012 ἀπαμείβετοῩ
