2038 3140
96 145 382 180 comnvnm
420 146 652 181 ΑΤΤΙονΜ
763 157 821 164 -
906 126 976 178 83
1058 156 1116 162 -

92 278 262 312 somno
294 262 506 326 piscium
537 260 783 311 disserens
817 261 879 311 N.
905 261 967 309 H.
992 261 1037 309 X
1064 263 1167 310 209
1190 277 1260 324 sq.
1290 262 1431 311 haee:
1466 257 1545 311 ‘de
1576 264 1781 326 thynnis

90 343 418 392 confidentius
458 342 764 391 adfirmatur.
815 343 954 390 iuxta
992 342 1125 403 ripas
1167 342 1298 390 enim
1337 346 1425 391 aut
1462 346 1629 405 petras
1670 343 1780 393 dor—

88 426 263 488 miunt,
302 424 440 487 plani
480 427 649 472 autem
687 423 899 487 piscium
938 424 990 471 in
1028 423 1171 485 vado,
1214 426 1272 471 ut
1310 439 1462 472 manu
1501 440 1647 487 saepe
1686 426 1780 474 tol-

88 500 290 554 lantur'.
354 505 533 568 Itaque
571 506 822 567 thynnum
862 520 887 552 e
927 504 1083 552 cubili
1125 506 1436 566 protractum
1481 505 1690 568 ideoque
1731 509 1783 554 et

87 585 389 647 pinguedine
422 589 474 634 et
515 586 764 635 suavitate
796 584 1045 647 insignem
1075 586 1224 646 poeta
1264 585 1532 649 significat3
1580 587 1659 634 cui
1699 587 1782 635 ob·

87 668 343 714 versatum
371 680 479 715 esse
499 665 756 728 Odysseae
779 666 946 715 locum
971 680 1124 727 supra
1148 666 1358 714 allatum
1375 666 1497 715 adeo
1515 669 1648 714 certe
1666 667 1782 715 licet

89 746 445 811 demonstrari3
482 747 626 796 nulla
658 747 789 795 enim
823 747 922 795 alia
951 762 1006 795 re
1036 747 1135 794 nisi
1167 746 1298 809 quod
1330 747 1382 794 in
1414 748 1782 808 comparatione

86 827 176 875 illa
221 828 474 876 homerica
519 845 542 876 ε
581 830 688 877 435
738 826 871 892 ῥινοί
914 830 1364 876 commemorantur
1404 821 1495 893 (ὣς
1534 833 1620 876 τοῦ
1659 826 1781 891 πρὸς

87 903 287 976 πέτρῃσι
309 907 593 972 θρασειάων
617 907 715 957 ἀπὸ
747 914 920 973 χειρῶν
954 906 962 968 Ι
998 905 1156 973 ῥινοὶ
1187 901 1559 974 ἀπέδρυφθεν),
1590 909 1781 956 factum

87 991 165 1037 est
210 991 268 1036 ut
314 989 447 1051 apud
492 990 736 1052 paredum
780 990 881 1038 iam
926 1007 972 1040 v.
1014 991 1082 1039 56
1133 986 1244 1054 ῥίνη
1292 983 1370 1056 (in
1407 989 1569 1052 prima
1607 1005 1779 1038 versus

88 1063 227 1136 sede)
268 1073 518 1133 sequatur.
597 1070 830 1120 Ceterum
874 1087 965 1133 pro
1006 1087 1062 1120 eo
1101 1072 1234 1133 quod
1271 1088 1318 1121 v.
1359 1073 1430 1120 54
1468 1072 1656 1133 legitur
1695 1070 1781 1120 οὕ-

86 1167 230 1213 νεκα,
284 1151 336 1199 in
390 1153 614 1214 exemplo
668 1152 919 1200 homerico
955 1154 997 1200 J.
1051 1154 1159 1201 544
1214 1167 1386 1201 omnes
1439 1153 1554 1200 libri
1606 1154 1782 1201 tenent

86 1229 273 1293 εἵνεκα,
314 1233 446 1295 quod
476 1233 724 1281 Meinekio
765 1233 918 1281 etiam
955 1233 1058 1280 illic
1095 1233 1461 1281 restituendum
1498 1233 1778 1282 videbatur.

85 1306 154 1360 V.
197 1307 273 1360 56
307 1329 412 1376 sqq.
474 1314 771 1376 Asper-rima
821 1315 1085 1378 squatinae
1131 1317 1243 1362 cute
1289 1315 1484 1376 lignum
1531 1318 1582 1362 et
1628 1315 1780 1363 ebora

85 1393 233 1454 poliri
288 1393 433 1443 docet
477 1395 605 1442 Plin.
645 1394 706 1442 N.
746 1395 808 1442 H.
848 1395 920 1442 IX
958 1396 1053 1456 403
1102 1395 1162 1443 cf.
1212 1394 1365 1442 etiam
1410 1395 1600 1442 XXXII
1651 1396 1778 1443 108:

87 1468 228 1522 ‘haec
267 1477 344 1523 est
382 1469 510 1540 (scil.
544 1468 802 1541 squatina)
835 1490 932 1538 qua
971 1475 1186 1523 diximus
1225 1476 1420 1536 lignum
1458 1476 1620 1539 poliri,
1661 1493 1780 1539 quo-

85 1555 222 1602 niam
266 1557 319 1603 et
365 1571 394 1603 a
438 1556 568 1604 mari
612 1556 873 1604 fabriles
921 1571 1042 1604 usus
1089 1550 1305 1604 exeunt'.
1384 1555 1455 1603 Of.
1495 1555 1779 1617 Epicharm.

86 1651 163 1697 ap.
202 1636 320 1686 Ath.
360 1636 460 1684 VII
501 1639 605 1686 286
625 1653 672 1700 c;
710 1654 758 1699 p.
800 1639 904 1686 232
946 1637 1156 1685 Lorenz:
1197 1634 1334 1700 ρῖναί
1367 1654 1416 1685 τε
1450 1633 1779 1700 τραχυδέρμο-

86 1734 191 1779 νες,
245 1717 499 1767 Archestr.
553 1717 614 1767 fr.
661 1718 941 1779 XXXXVI,
995 1714 1263 1782 τρηχαλέην
1317 1715 1462 1782 ῥίνην
1512 1717 1777 1766 Marcellus

87 1797 258 1847 Sideta
295 1814 341 1847 v.
375 1801 459 1847 27.
536 1793 606 1849 V.
641 1793 713 1847 57
756 1798 943 1860 optime
981 1798 1206 1847 Venetus
1246 1791 1279 1861 ἦ
1311 1797 1429 1863 γάρ,
1467 1799 1774 1846 fabrorum

87 1880 218 1927 enim
246 1879 364 1928 usui
403 1881 455 1927 et
492 1880 705 1928 liberis
745 1879 935 1928 alendis
969 1882 1139 1941 aptam
1171 1895 1281 1928 esse
1314 1879 1434 1928 dicit
1466 1880 1775 1943 squatinam3

87 1961 207 2008 sibi
250 1975 369 2010 vero
409 1960 510 2008 alia
547 1961 709 2023 magis
748 1960 964 2023 probari.
1044 1959 1278 2008 Ceterum
1315 1961 1438 2007 nota
1476 1959 1777 2021 scripturam

86 2035 118 2104 ἦ
157 2039 265 2106 γὰρ
296 2039 464 2107 ἔγωγε,
503 2057 617 2090 cum
648 2041 931 2103 exemplum
961 2040 1268 2088 homericum
1299 2057 1318 2087 ι
1343 2042 1410 2088 27
1443 2034 1685 2101 praebeat
1715 2036 1777 2089 οὔ

85 2140 175 2171 τοι
215 2115 301 2188 (οὔ
339 2137 392 2170 τι
428 2114 700 2187 plerique)3
739 2137 804 2169 an
841 2122 934 2169 hac
973 2121 1188 2168 lectione
1227 2135 1337 2168 cum
1377 2120 1468 2168 illa
1514 2120 1778 2170 coniuncta

39 2252 46 2260 ‚
86 2202 355 2266 legendum
401 2191 479 2250 est
517 2201 652 2264 apud
688 2201 969 2249 Matronem
1006 2191 1040 2262 ἧ
1078 2215 1154 2247 τοι
1192 2196 1341 2263 ἔγωγε
1373 2195 1500 2247 xta?
1577 2193 1647 2249 V.
1697 2194 1774 2247 59

0 2274 3 2329 1³
87 2281 268 2357 ἱππότᾳ
292 2283 578 2346 appellatur
601 2282 759 2343 mugil
778 2283 841 2342 ‚ut
863 2280 1049 2331 mullus
1072 2295 1119 2328 v.
1145 2281 1210 2328 31
1247 2277 1539 2342 ἱππόδαμος.
1598 2278 1777 2329 Assari

0 2370 4 2430 ξ
87 2365 327 2427 mugilem
379 2363 520 2412 iubet
565 2363 924 2411 Archestratus
972 2376 1168 2424 quoque
1214 2361 1274 2408 fr.
1314 2359 1545 2407 XXXXV
1586 2362 1641 2423 93
1704 2361 1775 2409 sic

0 2443 1 2474 ἕ
87 2445 314 2494 Philemo
354 2460 432 2507 ap.
464 2444 583 2492 Ath.
607 2442 709 2491 VII
741 2445 844 2492 307
867 2458 893 2491 e
935 2437 1010 2510 (11
1035 2443 1137 2491 501
1173 2434 1361 2508 Kock):
1400 2435 1582 2505 κεστρέ’
1610 2436 1774 2490 ὀπτόν.

88 2520 160 2578 V.
191 2521 272 2575 60
310 2526 464 2575 verba
495 2522 723 2573 δυώδεκα
754 2523 929 2589 σαργοί
954 2525 1208 2572 testantur
1230 2522 1511 2571 Matronem
1542 2521 1596 2569 in
1625 2536 1775 2571 versu

11 2644 13 2646 v
86 2607 175 2657 illo
214 2607 300 2671 qui
337 2610 415 2655 ter
452 2605 682 2667 recurrit,
720 2605 753 2669 β
779 2606 863 2668 11,
903 2621 931 2668 ρ
958 2605 1042 2667 62,
1080 2621 1112 2651 υ
1142 2604 1245 2652 145
1285 2604 1421 2652 recte
1453 2602 1636 2665 legisse
1668 2600 1772 2650 δύω

87 2685 234 2747 κύνες
270 2685 435 2753 ἀργοί,
471 2702 573 2736 non
608 2683 756 2743 κύνες
792 2682 952 2743 πόδας
988 2682 1148 2749 ἀργοί,
1186 2699 1315 2747 quae
1353 2682 1607 2744 scriptura
1641 2697 1773 2731 nunc

89 2769 152 2818 ab
191 2768 422 2818 omnibus
458 2767 687 2830 reicitur3
727 2766 787 2814 cf.
811 2764 999 2816 Ameis.
1030 2764 1094 2814 ad
1131 2764 1164 2828 β
1198 2766 1282 2812 11.
1356 2757 1431 2815 V.
1467 2755 1542 2810 61
1564 2777 1635 2826 sq.
1694 2762 1772 2811 De

87 2849 333 2898 amiarum
353 2849 406 2897 in
420 2849 639 2898 Pontum
651 2845 1036 2910 migrationibus
1061 2844 1122 2894 cf.
1142 2843 1350 2893 Aristot.
1366 2842 1430 2892 H.
1446 2842 1510 2893 N.
1533 2840 1661 2891 VIII
1680 2843 1773 2905 133

86 2930 270 2994 quibus
306 2930 428 2980 locis
469 2929 730 2992 capiantur
766 2928 912 2976 docet
940 2925 1196 2975 Archestr.
1219 2925 1280 2974 fr.
1303 2923 1506 3031 XXXV*
1566 2917 1638 2974 V.
1670 2918 1781 2987 63.

1444 3009 1471 3050 6
