2038 3140
205 330 438 400 Ἰταλίης
476 352 532 384 τε
572 332 772 400 μεταξὺ
810 334 946 385 κατὰ
986 335 1362 402 στενοκύμονα
1401 339 1661 405 πορθμὸν
1911 354 1983 393 (32)

212 421 245 488 ἡ
286 422 470 488 πλωτὴ
511 421 752 490 μύραινα
792 420 1103 490 καλουμένη
1145 423 1214 475 ἄν
1252 440 1383 475 ποτε
1422 428 1641 493 ληφθῇ,

214 508 384 561 ὠνοῦ·
424 516 587 561 τοῦτο
627 509 732 578 γάρ
773 507 921 562 ἐστιν
962 509 1076 562 ἐκεῖ
1109 514 1438 579 θαυμαστὸν
1477 513 1693 581 ἔδεσμα.

54 657 170 690 XVII
216 640 388 709 αὐτὰρ
427 642 525 692 τὸν
566 641 863 693 σινόδοντα
903 639 1073 709 μέσον
1115 643 1254 708 ζήτει
1292 644 1472 711 παχὺν
1512 639 1674 696 εἶναι·
1910 659 1984 701 (40)

212 729 270 782 ἐκ
309 734 572 798 πορθμοῦ
613 725 673 781 δὲ
713 731 904 797 λαβεῖν
943 739 1112 799 πειρῶ
1153 728 1245 782 καὶ
1282 737 1505 799 τοῦτον,
1547 731 1738 800 ἑταῖρε.

209 818 380 870 ταύτὰ
422 814 482 870 δὲ
520 825 692 870 ταῦτα
729 827 880 885 κυρῶ
921 819 1144 888 φράζων
1183 817 1274 871 καὶ
1312 820 1450 889 πρὸς
1489 819 1573 888 σε’,
1614 820 1864 874 Κλέαινε.

35 968 170 1000 XVIII
216 952 459 1020 γόγγρου
500 947 600 1019 μὲν
638 952 742 1019 γὰρ
783 953 921 1019 ἔχεις
959 954 1230 1019 κεφαλήν,
1271 954 1457 1020 φίλος,
1500 952 1560 1005 ἐν
1600 957 1850 1006 Σικυῶνι
1912 969 1984 1007 (16)

209 1041 431 1106 πίονος,
475 1041 730 1107 ἰσχυροῦ,
771 1039 1011 1107 μεγάλου
1049 1038 1141 1091 καὶ
1179 1039 1357 1091 πάντα
1395 1042 1461 1092 τὰ
1499 1045 1680 1094 κοῖλα·

214 1122 328 1179 εἶτα
369 1129 574 1195 χρόνον
613 1129 791 1179 πολὺν
831 1126 927 1190 ἕψε
967 1129 1100 1196 χλόῃ
1141 1130 1478 1196 περίπαστον
1519 1128 1578 1181 ἐν
1618 1130 1777 1199 ἅλμη.

71 1305 165 1336 XIX
210 1287 302 1342 καὶ
341 1291 578 1357 γόγγρος
618 1289 921 1350 σπουδαῖος
961 1288 1238 1341 ἁλίσκεται
1277 1290 1402 1342 ὅστε
1441 1297 1709 1343 τοσοῦτον
1911 1310 1984 1352 (17)

904 1426 1220 1460 TESTIMONIA

318 1499 436 1547 XVI
484 1499 603 1548 Ath.
630 1498 728 1546 VII
754 1499 911 1547 312f.
947 1493 1014 1546 ’A.
1040 1495 1092 1546 δὲ
1124 1495 1149 1546 ὁ
1181 1495 1414 1562 ἡδονικὸς
1443 1497 1717 1562 φιλόσοφός
1741 1514 1895 1563 φησιν

209 1575 486 1639 «Ἰταλίας
515 1606 575 1612 -
607 1577 870 1643 ε’.δεσμα>>

319 1669 465 1716 XVII
523 1669 638 1718 Ath.
671 1668 771 1716 VII
812 1670 975 1717 3220·
1035 1667 1296 1717 σινόδοντα
1345 1665 1397 1716 δὲ
1445 1666 1595 1716 αὐτὸν
1643 1665 1768 1734 λέγει
1815 1631 1897 1716 διὰ

208 1756 298 1799 τοῦ
329 1749 359 1797 ἴ
381 1749 619 1813 Δωρίων,
658 1747 726 1798 ἔτι
758 1746 810 1798 δὲ
843 1745 912 1798 'A.
945 1747 998 1798 ἐν
1028 1748 1219 1808 τούτοις
1250 1739 1472 1813 «αὐτὰρ
1501 1774 1564 1781 -
1591 1747 1894 1798 Κλέαινε».

319 1839 493 1887 XVIII
546 1839 662 1888 Ath.
695 1838 795 1886 VII
827 1839 984 1887 293f:
1019 1834 1087 1886 Ἀ.
1124 1835 1213 1901 μὲν
1250 1835 1343 1903 γὰρ
1383 1835 1436 1885 ἐν
1466 1843 1522 1905 τῇ
1555 1836 1896 1904 Γαστρονομίᾳ

209 1915 293 1967 καὶ
332 1915 522 1967 ὁπόθεν
560 1915 766 1968 ἕκαστον
805 1916 950 1982 μέρος
989 1917 1143 1967 αὐτοῦ
1184 1919 1265 1967 δεῖ
1295 1912 1629 1966 συνωνεῖσθαι
1661 1917 1896 1982 διηγεῖται

211 1998 367 2058 οὕτως
407 1998 698 2065 «γόγγρου
732 2026 803 2032 --
834 1998 1035 2068 ἅλμῃ».

318 2095 437 2143 ΧΙΧ
498 2095 617 2143 Ath.
649 2094 760 2150 VII¹
789 2095 957 2143 294a:
1012 2091 1122 2157 ἑξῆς
1169 2110 1217 2140 τε
1264 2090 1375 2157 περὶ
1412 2099 1508 2140 τῶν
1547 2088 1651 2140 κατ’
1690 2087 1894 2141 Ἰταλίαν

209 2174 373 2225 τόπων
414 2173 606 2234 διεξιὼν
644 2174 793 2223 πάλιν
833 2171 858 2223 ὅ
890 2173 1036 2233 καλὸς
1068 2168 1212 2232 οὗτος
1242 2172 1537 2238 περιηγητής
1569 2186 1723 2236 φησιν
1763 2171 1896 2221 «καὶ

213 2284 276 2292 —-
312 2257 699 2322 κορακίνων».

771 2395 1025 2431 VARIETAS
1064 2393 1334 2429 LECTIONIS

327 2463 436 2508 XVI
469 2469 491 2507 1
514 2462 710 2520 Ἰταλίης
732 2479 802 2508 τεε
832 2459 1028 2514 Ἰταλίας
1044 2460 1096 2506 δὲ
1113 2462 1172 2516 Α,
1198 2461 1417 2505 lacunam
1436 2458 1666 2506 indicavit
1682 2458 1895 2503 Ribbeck

212 2529 294 2586 qui
308 2528 531 2586 proponit
547 2527 846 2586 Πελωριάδος
863 2528 978 2585 (sive
999 2528 1271 2585 Θρινακίης)
1290 2525 1342 2572 δὲ
1370 2531 1376 2584 Ι
1399 2524 1594 2576 Ἰταλίας
1609 2541 1657 2569 τε
1700 2523 1896 2577 Ἰταλίας

212 2592 264 2639 δὲ
298 2630 309 2640 .
327 2630 338 2640 .
359 2629 368 2639 .
402 2595 573 2651 μεταξὺ
604 2593 788 2649 Kaibel‚
817 2592 1011 2649 Ἰταλίης
1043 2591 1094 2638 δὲ
1127 2592 1235 2651 μάλ’
1265 2593 1373 2651 ἄγχι
1405 2591 1740 2637 Stadtmueller

329 2675 458 2719 XVII
492 2681 514 2719 1
547 2675 630 2719 τὸν
661 2688 750 2720 om.
783 2674 842 2730 A,
876 2673 1115 2730 supplevit,
1145 2673 1447 2717 Casaubonus
1531 2668 1672 2727 μέσον
1705 2669 1892 2727 scripsi:

215 2739 300 2798 μὲν
325 2739 380 2785 ὃν
403 2742 449 2785 Α
511 2739 635 2795 ζήτει
654 2739 706 2784 O:
741 2741 872 2796 ζητεῖ
886 2740 946 2784 A.
992 2738 1110 2797 ἀτὰρ
1137 2737 1384 2783 σινόδοντα
1400 2734 1546 2794 μέγαν
1564 2735 1686 2791 ζήτει
1709 2735 1892 2791 Kaibel,

213 2804 389 2851 Μένων
421 2805 519 2850 sive
551 2804 704 2862 μένων
735 2804 973 2859 Meineke‚
1015 2802 1099 2861 μὲν
1132 2802 1217 2849 οὖν
1248 2802 1462 2848 Ribbeck
1611 2808 1636 2846 3
1668 2809 1816 2846 ταῦτα
1840 2799 1891 2846 δὲ

211 2879 359 2916 ταῦτα
397 2873 465 2927 A,
510 2870 659 2916 ταύτὰ
694 2869 746 2915 δὲ
777 2878 926 2916 ταῦτα
965 2869 1185 2926 Dindorf‚
1232 2876 1380 2915 ταῦτα
1410 2866 1463 2913 δὲ
1494 2867 1650 2912 πάντα
1690 2867 1892 2912 editores

211 2937 449 2995 Κλέανδρε
480 2937 774 2982 Valckenaer
