2038 3140
935 117 997 123 -
1078 86 1149 139 36
1231 117 1292 123 —
1385 105 1724 140 HIPPONAoms
1764 107 1961 142 FRAGM.

273 224 414 272 audit
448 224 579 286 apud
619 222 878 271 Cratinum
915 223 940 270 I
970 224 1068 270 121
1107 216 1270 288 Kock)
1310 223 1391 271 vel
1423 224 1565 285 quid
1603 224 1823 273 devoret.
1884 224 1971 272 Al-

276 309 443 353 terum
490 305 732 366 praetuli3
788 304 846 352 cf.
887 303 1298 351 Ps.-Plautinum
1345 305 1622 365 parasitum
1671 305 1751 352 cui
1790 319 1972 352 nomen

275 386 373 433 fuit
404 382 860 449 Πολτοφαγωνίδης
903 378 985 449 (cf.
1021 384 1215 431 Ritsohl
1248 400 1323 445 op.
1355 384 1433 431 III
1465 402 1511 446 p.
1548 378 1715 451 328)’.
1762 385 1968 433 VVachs-

277 467 516 514 muthius.
593 460 661 515 V.
703 460 758 515 2.
814 465 1118 527 Hesychius:
1165 461 1652 530 ἕγγαστριμάχαιραν·
1692 463 1782 527 τὴν
1822 463 1875 513 ἐν
1914 471 1969 532 τῇ
2037 527 2038 532 1

275 545 445 612 γαστρὶ
491 543 902 609 κατατέμνουσαν.
993 545 1063 593 Cf.
1106 542 1517 610 ε’γγαστρίμυθος,
1565 544 1968 611 ε’γγαστρίμαντις.
2037 533 2038 536 ¹

274 623 342 676 Y.
388 623 441 677 3.
500 627 632 686 ὅπως
662 654 735 660 -
768 624 935 690 ὄληται
965 627 1103 674 finali
1137 642 1282 674 sensu
1314 627 1652 690 accipiendum
1684 643 1791 676 esse
1819 642 1970 689 supra

278 727 325 771 p.
363 711 429 758 33
466 710 711 758 adnotavi.
783 704 969 757 eVerba
1007 706 1144 772 παρὰ
1182 703 1286 755 θῖν’
1325 705 1439 766 ἁλὸς
1479 704 1757 773 ἀτρυγέτοιο
1798 707 1975 756 docent

275 789 479 852 ψηφῖδα
517 806 698 838 nomen
734 805 833 838 non
865 790 925 837 de
959 789 1208 850 suffragiis
1242 804 1349 836 esse
1380 792 1681 850 usurpatum
1715 783 1808 853 (sie
1841 789 1972 837 enim

275 871 428 934 vulgo
460 871 924 932 interpretabantur
953 872 1013 917 ut
1042 869 1206 933 ψηφίς
1239 869 1435 918 dicatur
1466 886 1556 932 pro
1589 875 1790 933 ψῆφος,
1832 871 1973 919 ouius

278 968 400 1000 usus
433 952 629 999 nullum
661 954 824 1000 exstat
855 944 1175 1017 exemplum),
1209 951 1295 999 sed
1327 952 1387 999 de
1420 952 1662 1000 silicibus:
1695 953 1813 1000 sunt
1843 951 1975 999 enim

277 1033 500 1095 ψηφῖδες
531 1033 731 1094 proprie
763 1034 968 1095 lapilli
1002 1032 1103 1094 qui
1134 1033 1193 1079 in
1225 1033 1518 1080 litoribus
1558 1032 1972 1080 inveniuntur:

277 1113 340 1160 αἱ
368 1112 428 1161 ἐν
459 1117 581 1171 τοῖς
613 1113 910 1177 αἰγιαλοῖς
941 1111 1207 1175 ψηφῖδες
1242 1106 1320 1178 (ἐν
1348 1116 1449 1170 τοῖς
1482 1111 1720 1177 αἰγιαλοῖς
1747 1133 1814 1151 =
1839 1110 1974 1176 παρὰ

276 1189 386 1242 θῖν’
433 1187 579 1259 ἁλός)
628 1194 745 1241 Luc.
786 1195 906 1255 piso.
951 1195 1042 1253 35,
1093 1193 1218 1241 Tim.
1261 1195 1314 1254 5,
1362 1194 1572 1242 Parasit.
1616 1196 1707 1256 523
1761 1193 1973 1242 fortasse

281 1275 596 1323 scribendum
622 1273 778 1332 ὅπως
809 1278 1077 1342 ψηφῖσιν
1102 1271 1264 1339 ἆγεὶς
1287 1272 1441 1322 κακὸν
1467 1268 1601 1324 οἶτον
1625 1269 1794 1337 ὄληται
1816 1274 1971 1341 βουλῇ

279 1349 383 1422 (an
427 1358 614 1418 ψηφῖσι
660 1353 823 1420 ραγεὶς
868 1356 950 1404 vel
1000 1354 1187 1420 δαρείς,
1241 1356 1491 1417 lapidibus
1538 1357 1805 1416 laceratus,
1863 1370 1973 1403 con-

277 1429 535 1502 tusus?)'.
613 1435 1045 1484 Stadtmuellerus.
1158 1436 1379 1500 Bergkio
1427 1437 1481 1484 in
1529 1436 1744 1484 editione
1794 1438 1975 1498 quarta

278 1517 478 1566 videtur
524 1515 722 1579 Ψηφῖδι
774 1515 1087 1565 scribendum
1136 1511 1220 1565 eut
1265 1518 1360 1565 loci
1407 1518 1474 1565 sit
1521 1511 1818 1579 appellatio'
1867 1517 1972 1564 eius

278 1599 490 1646 fortasse
547 1592 660 1645 eubi
713 1601 831 1646 tune
885 1599 1099 1661 populus
1147 1598 1395 1660 Ephesius
1449 1599 1689 1661 suffragia
1734 1591 1974 1647 ferebat'.

282 1677 515 1727 Omnium
555 1678 714 1727 adhue
752 1679 986 1740 plausum
1022 1680 1215 1727 tulerat
1251 1679 1468 1728 Cobetus
1502 1678 1776 1742 supplendo
1808 1676 1971 1736 κακός.

280 1754 351 1808 V.
378 1754 432 1808 4.
466 1759 634 1808 Verba
657 1760 946 1823 incorrupta
969 1760 1124 1828 βουλῇ
1144 1759 1354 1828 δημοσίῃ
1379 1760 1646 1808 infeliciter
1659 1761 1973 1822 temptarunt

283 1839 517 1902 Cobetus,
556 1840 889 1905 Hartungius,
928 1842 1175 1906 Bergkius
1217 1841 1347 1890 olim.
