<?xml version="1.0" encoding="UTF-8"?>
<!DOCTYPE html PUBLIC "-//W3C//DTD XHTML 1.0 Transitional//EN"
    "http://www.w3.org/TR/xhtml1/DTD/xhtml1-transitional.dtd">
<html xmlns="http://www.w3.org/1999/xhtml" xml:lang="en" lang="en">
 <head>
  <title>
</title>
<meta http-equiv="Content-Type" content="text/html;charset=utf-8" />
  <meta name='ocr-system' content='tesseract 3.04.00' />
  <meta name='ocr-capabilities' content='ocr_page ocr_carea ocr_par ocr_line ocrx_word'/>
</head>
<body>
  <div class='ocr_page' id='page_1' title='image "./corpusculumpoesi01lipsuoft_0127.png"; bbox 0 0 2038 3140; ppageno 0'>
   <div class='ocr_carea' id='block_1_1' title="bbox 96 153 1133 205">
    <p class='ocr_par' dir='ltr' id='par_1_1' title="bbox 96 153 1133 205">
     <span class='ocr_line' id='line_1_1' title="bbox 96 153 1133 205; baseline 0 -1"><span class='ocrx_word' id='word_1_1' title='bbox 96 171 286 205; x_wconf 74' lang='lat' dir='ltr'><strong>FRAGM.</strong></span> <span class='ocrx_word' id='word_1_2' title='bbox 326 171 485 204; x_wconf 78' lang='lat' dir='ltr'><em>Dva</em></span> <span class='ocrx_word' id='word_1_3' title='bbox 743 183 802 188; x_wconf 97' lang='lat'><strong>—</strong></span> <span class='ocrx_word' id='word_1_4' title='bbox 890 153 990 205; x_wconf 84' lang='lat'><em>113</em></span> <span class='ocrx_word' id='word_1_5' title='bbox 1074 183 1133 189; x_wconf 89' lang='lat'>—</span> 
     </span>
    </p>
   </div>
   <div class='ocr_carea' id='block_1_2' title="bbox 98 287 1780 511">
    <p class='ocr_par' dir='ltr' id='par_1_2' title="bbox 98 287 1780 511">
     <span class='ocr_line' id='line_1_2' title="bbox 101 287 1780 350; baseline 0 -14"><span class='ocrx_word' id='word_1_6' title='bbox 101 304 191 337; x_wconf 90' lang='lat' dir='ltr'><em>suo</em></span> <span class='ocrx_word' id='word_1_7' title='bbox 231 304 289 336; x_wconf 77' lang='lat' dir='ltr'><em>cx</em></span> <span class='ocrx_word' id='word_1_8' title='bbox 328 287 545 335; x_wconf 82' lang='lat' dir='ltr'>carmine</span> <span class='ocrx_word' id='word_1_9' title='bbox 585 289 957 350; x_wconf 82' lang='lat' dir='ltr'>memoraverit3</span> <span class='ocrx_word' id='word_1_10' title='bbox 998 289 1084 336; x_wconf 88' lang='lat' dir='ltr'><em>sed</em></span> <span class='ocrx_word' id='word_1_11' title='bbox 1123 288 1343 337; x_wconf 84' lang='lat' dir='ltr'>dubitari</span> <span class='ocrx_word' id='word_1_12' title='bbox 1374 291 1541 350; x_wconf 85' lang='lat' dir='ltr'>potest</span> <span class='ocrx_word' id='word_1_13' title='bbox 1571 306 1688 336; x_wconf 87' lang='lat' dir='ltr'><em>num</em></span> <span class='ocrx_word' id='word_1_14' title='bbox 1721 305 1780 336; x_wconf 80' lang='lat' dir='ltr'><em>ex</em></span> 
     </span>
     <span class='ocr_line' id='line_1_3' title="bbox 98 368 1780 432; baseline 0.001 -16"><span class='ocrx_word' id='word_1_15' title='bbox 98 385 197 431; x_wconf 89' lang='lat' dir='ltr'><em>quo</em></span> <span class='ocrx_word' id='word_1_16' title='bbox 237 368 453 416; x_wconf 84' lang='lat' dir='ltr'>carmine</span> <span class='ocrx_word' id='word_1_17' title='bbox 493 369 690 417; x_wconf 86' lang='lat' dir='ltr'>omnino</span> <span class='ocrx_word' id='word_1_18' title='bbox 731 369 832 417; x_wconf 87' lang='lat' dir='ltr'>sint</span> <span class='ocrx_word' id='word_1_19' title='bbox 870 369 1171 432; x_wconf 86' lang='lat' dir='ltr'>deprompti;</span> <span class='ocrx_word' id='word_1_20' title='bbox 1219 370 1342 417; x_wconf 83' lang='lat' dir='ltr'>talia</span> <span class='ocrx_word' id='word_1_21' title='bbox 1390 370 1519 418; x_wconf 88' lang='lat' dir='ltr'>enim</span> <span class='ocrx_word' id='word_1_22' title='bbox 1568 370 1780 431; x_wconf 81' lang='lat' dir='ltr'>scriptor</span> 
     </span>
     <span class='ocr_line' id='line_1_4' title="bbox 98 449 885 511; baseline 0 -13"><span class='ocrx_word' id='word_1_23' title='bbox 98 465 158 498; x_wconf 86' lang='lat' dir='ltr'><em>ex</em></span> <span class='ocrx_word' id='word_1_24' title='bbox 195 452 419 510; x_wconf 89' lang='lat' dir='ltr'>tempore</span> <span class='ocrx_word' id='word_1_25' title='bbox 459 449 666 498; x_wconf 87' lang='lat' dir='ltr'>fundere</span> <span class='ocrx_word' id='word_1_26' title='bbox 704 450 885 511; x_wconf 84' lang='lat' dir='ltr'>potuit.</span> 
     </span>
    </p>
   </div>
   <div class='ocr_carea' id='block_1_3' title="bbox 173 612 1742 846">
    <p class='ocr_par' dir='ltr' id='par_1_3' title="bbox 173 612 1742 846">
     <span class='ocr_line' id='line_1_5' title="bbox 761 612 1115 646; baseline 0.003 -3"><span class='ocrx_word' id='word_1_27' title='bbox 761 612 1115 646; x_wconf 71' lang='lat' dir='ltr'>FRAGMENTVM</span> 
     </span>
     <span class='ocr_line' id='line_1_6' title="bbox 173 684 1742 756; baseline 0.001 -17"><span class='ocrx_word' id='word_1_28' title='bbox 173 687 241 739; x_wconf 88' lang='grc' dir='ltr'><em>οὐ</em></span> <span class='ocrx_word' id='word_1_29' title='bbox 281 688 384 755; x_wconf 79' lang='grc' dir='ltr'><em>γὰρ</em></span> <span class='ocrx_word' id='word_1_30' title='bbox 423 687 702 756; x_wconf 75' lang='grc' dir='ltr'><em>πυγμάχοι</em></span> <span class='ocrx_word' id='word_1_31' title='bbox 741 684 891 756; x_wconf 77' lang='grc' dir='ltr'><em>εἰμὲν</em></span> <span class='ocrx_word' id='word_1_32' title='bbox 932 687 1208 756; x_wconf 77' lang='grc' dir='ltr'><em>ἀμύμονες</em></span> <span class='ocrx_word' id='word_1_33' title='bbox 1256 684 1387 740; x_wconf 75' lang='grc' dir='ltr'><em>οὐδὲ</em></span> <span class='ocrx_word' id='word_1_34' title='bbox 1426 689 1742 754; x_wconf 80' lang='grc' dir='ltr'><em>παλαισταί,</em></span> 
     </span>
     <span class='ocr_line' id='line_1_7' title="bbox 176 772 1050 846; baseline 0 -18"><span class='ocrx_word' id='word_1_35' title='bbox 176 772 306 828; x_wconf 76' lang='grc' dir='ltr'><em>οὐδὲ</em></span> <span class='ocrx_word' id='word_1_36' title='bbox 344 773 474 828; x_wconf 83' lang='grc' dir='ltr'><em>ποσὶ</em></span> <span class='ocrx_word' id='word_1_37' title='bbox 512 784 792 846; x_wconf 77' lang='grc' dir='ltr'><strong><em>κραιπνῶς</em></strong></span> <span class='ocrx_word' id='word_1_38' title='bbox 829 774 1050 844; x_wconf 80' lang='grc' dir='ltr'><strong><em>θέομεν.</em></strong></span> 
     </span>
    </p>
   </div>
   <div class='ocr_carea' id='block_1_4' title="bbox 100 909 452 915">
    <p class='ocr_par' dir='ltr' id='par_1_4' title="bbox 100 909 452 915">
     <span class='ocr_line' id='line_1_8' title="bbox 100 909 452 915; baseline 0 0"><span class='ocrx_word' id='word_1_39' title='bbox 100 909 452 915; x_wconf 95' lang='lat' dir='ltr'><em> </em></span> 
     </span>
    </p>
   </div>
   <div class='ocr_carea' id='block_1_5' title="bbox 187 940 1710 1132">
    <p class='ocr_par' dir='ltr' id='par_1_5' title="bbox 187 940 1710 1132">
     <span class='ocr_line' id='line_1_9' title="bbox 591 940 1289 975; baseline -0.001 -1"><span class='ocrx_word' id='word_1_40' title='bbox 591 942 790 975; x_wconf 86' lang='lat' dir='ltr'>HOMERI</span> <span class='ocrx_word' id='word_1_41' title='bbox 828 941 1058 974; x_wconf 84' lang='lat' dir='ltr'><strong>DETORTI</strong></span> <span class='ocrx_word' id='word_1_42' title='bbox 1096 940 1289 974; x_wconf 81' lang='lat' dir='ltr'>VERSVS</span> 
     </span>
     <span class='ocr_line' id='line_1_10' title="bbox 187 1005 1501 1066; baseline -0.002 -14"><span class='ocrx_word' id='word_1_43' title='bbox 187 1009 241 1052; x_wconf 83' lang='grc' dir='ltr'><em>οὐ</em></span> <span class='ocrx_word' id='word_1_44' title='bbox 274 1007 360 1065; x_wconf 80' lang='grc' dir='ltr'><em>γὰρ</em></span> <span class='ocrx_word' id='word_1_45' title='bbox 393 1008 629 1066; x_wconf 80' lang='grc' dir='ltr'><em>πυγμάχοι</em></span> <span class='ocrx_word' id='word_1_46' title='bbox 661 1006 788 1066; x_wconf 75' lang='grc' dir='ltr'><em>εἰμὲν</em></span> <span class='ocrx_word' id='word_1_47' title='bbox 820 1008 1054 1066; x_wconf 81' lang='grc' dir='ltr'><em>ἀμύμονες</em></span> <span class='ocrx_word' id='word_1_48' title='bbox 1085 1005 1195 1052; x_wconf 79' lang='grc' dir='ltr'><em>οὐδὲ</em></span> <span class='ocrx_word' id='word_1_49' title='bbox 1227 1009 1501 1062; x_wconf 81' lang='grc' dir='ltr'><em>παλαισταί,</em></span> 
     </span>
     <span class='ocr_line' id='line_1_11' title="bbox 187 1073 1710 1132; baseline -0.001 -14"><span class='ocrx_word' id='word_1_50' title='bbox 187 1074 303 1118; x_wconf 76' lang='grc' dir='ltr'><em>ἀλλὰ</em></span> <span class='ocrx_word' id='word_1_51' title='bbox 332 1074 442 1118; x_wconf 87' lang='grc' dir='ltr'><em>ποσὶ</em></span> <span class='ocrx_word' id='word_1_52' title='bbox 473 1081 710 1132; x_wconf 80' lang='grc' dir='ltr'><strong><em>κραιπνῶς</em></strong></span> <span class='ocrx_word' id='word_1_53' title='bbox 739 1073 918 1131; x_wconf 81' lang='grc' dir='ltr'><em>θέομεν</em></span> <span class='ocrx_word' id='word_1_54' title='bbox 949 1074 1030 1118; x_wconf 77' lang='grc' dir='ltr'><em>καὶ</em></span> <span class='ocrx_word' id='word_1_55' title='bbox 1060 1073 1226 1130; x_wconf 85' lang='grc' dir='ltr'><em>νηυσὶν</em></span> <span class='ocrx_word' id='word_1_56' title='bbox 1259 1074 1439 1130; x_wconf 79' lang='grc' dir='ltr'><em>ἄριστοι</em></span> <span class='ocrx_word' id='word_1_57' title='bbox 1477 1076 1516 1117; x_wconf 82' lang='grc' dir='ltr'><strong>θ</strong></span> <span class='ocrx_word' id='word_1_58' title='bbox 1539 1078 1624 1118; x_wconf 81' lang='grc'><em>246</em></span> <span class='ocrx_word' id='word_1_59' title='bbox 1644 1088 1710 1129; x_wconf 86' lang='lat' dir='ltr'><em>sq.</em></span> 
     </span>
    </p>
   </div>
   <div class='ocr_carea' id='block_1_6' title="bbox 100 1198 453 1202">
    <p class='ocr_par' dir='ltr' id='par_1_6' title="bbox 100 1198 453 1202">
     <span class='ocr_line' id='line_1_12' title="bbox 100 1198 453 1202; baseline 0 0"><span class='ocrx_word' id='word_1_60' title='bbox 100 1198 453 1202; x_wconf 95' lang='lat' dir='ltr'><em> </em></span> 
     </span>
    </p>
   </div>
   <div class='ocr_carea' id='block_1_7' title="bbox 766 1227 1120 1262">
    <p class='ocr_par' dir='ltr' id='par_1_7' title="bbox 766 1227 1120 1262">
     <span class='ocr_line' id='line_1_13' title="bbox 766 1227 1120 1262; baseline 0 -2"><span class='ocrx_word' id='word_1_61' title='bbox 766 1227 1120 1262; x_wconf 73' lang='lat' dir='ltr'>TESTIMONIVM</span> 
     </span>
    </p>
   </div>
   <div class='ocr_carea' id='block_1_8' title="bbox 102 1298 1781 1445">
    <p class='ocr_par' dir='ltr' id='par_1_8' title="bbox 102 1298 1781 1445">
     <span class='ocr_line' id='line_1_14' title="bbox 207 1298 1781 1364; baseline -0.001 -15"><span class='ocrx_word' id='word_1_62' title='bbox 207 1302 458 1351; x_wconf 74' lang='lat' dir='ltr'>Plutarch.</span> <span class='ocrx_word' id='word_1_63' title='bbox 495 1298 606 1364; x_wconf 82' lang='grc' dir='ltr'><em>περὶ</em></span> <span class='ocrx_word' id='word_1_64' title='bbox 628 1299 775 1364; x_wconf 84' lang='grc' dir='ltr'><strong><em>τύχης</em></strong></span> <span class='ocrx_word' id='word_1_65' title='bbox 800 1316 904 1362; x_wconf 86' lang='lat' dir='ltr'>cap.</span> <span class='ocrx_word' id='word_1_66' title='bbox 929 1300 1005 1347; x_wconf 94' lang='lat' dir='ltr'><em>III</em></span> <span class='ocrx_word' id='word_1_67' title='bbox 1029 1317 1074 1362; x_wconf 88' lang='lat' dir='ltr'><em>p.</em></span> <span class='ocrx_word' id='word_1_68' title='bbox 1104 1301 1243 1349; x_wconf 82' lang='lat' dir='ltr'>98F:</span> <span class='ocrx_word' id='word_1_69' title='bbox 1286 1298 1390 1349; x_wconf 79' lang='grc' dir='ltr'><em>«οὐ</em></span> <span class='ocrx_word' id='word_1_70' title='bbox 1415 1327 1485 1333; x_wconf 85' lang='grc'>-</span> <span class='ocrx_word' id='word_1_71' title='bbox 1507 1298 1781 1363; x_wconf 78' lang='grc' dir='ltr'><em>θέομεν»,</em></span> 
     </span>
     <span class='ocr_line' id='line_1_15' title="bbox 102 1377 1589 1445; baseline -0.001 -14"><span class='ocrx_word' id='word_1_72' title='bbox 102 1377 211 1431; x_wconf 79' lang='grc' dir='ltr'><strong>ἀλλ’</strong></span> <span class='ocrx_word' id='word_1_73' title='bbox 247 1380 300 1431; x_wconf 81' lang='grc' dir='ltr'><em>ἐν</em></span> <span class='ocrx_word' id='word_1_74' title='bbox 338 1389 459 1430; x_wconf 86' lang='grc' dir='ltr'><em>πᾶσι</em></span> <span class='ocrx_word' id='word_1_75' title='bbox 497 1381 687 1439; x_wconf 84' lang='grc' dir='ltr'><em>τούτοις</em></span> <span class='ocrx_word' id='word_1_76' title='bbox 725 1379 1028 1445; x_wconf 80' lang='grc' dir='ltr'><em>ἀτυχέστεροι</em></span> <span class='ocrx_word' id='word_1_77' title='bbox 1065 1387 1163 1429; x_wconf 87' lang='grc' dir='ltr'><em>τῶν</em></span> <span class='ocrx_word' id='word_1_78' title='bbox 1200 1381 1395 1445; x_wconf 80' lang='grc' dir='ltr'><em>θηρίων</em></span> <span class='ocrx_word' id='word_1_79' title='bbox 1434 1378 1589 1444; x_wconf 80' lang='grc' dir='ltr'><em>ἐσμέν.</em></span> 
     </span>
    </p>
   </div>
   <div class='ocr_carea' id='block_1_9' title="bbox 766 1527 1085 1531">
    <p class='ocr_par' dir='ltr' id='par_1_9' title="bbox 766 1527 1085 1531">
     <span class='ocr_line' id='line_1_16' title="bbox 766 1527 1085 1531; baseline 0 0"><span class='ocrx_word' id='word_1_80' title='bbox 766 1527 1085 1531; x_wconf 95' lang='lat' dir='ltr'><em> </em></span> 
     </span>
    </p>
   </div>
   <div class='ocr_carea' id='block_1_10' title="bbox 903 1626 987 1680">
    <p class='ocr_par' dir='ltr' id='par_1_10' title="bbox 903 1626 987 1680">
     <span class='ocr_line' id='line_1_17' title="bbox 903 1626 987 1680; baseline -0.024 0"><span class='ocrx_word' id='word_1_81' title='bbox 903 1626 987 1680; x_wconf 93' lang='lat' dir='ltr'><em>III</em></span> 
     </span>
    </p>
   </div>
   <div class='ocr_carea' id='block_1_11' title="bbox 211 1734 1163 1786">
    <p class='ocr_par' dir='ltr' id='par_1_11' title="bbox 211 1734 1163 1786">
     <span class='ocr_line' id='line_1_18' title="bbox 211 1734 1163 1786; baseline -0.001 -3"><span class='ocrx_word' id='word_1_82' title='bbox 211 1737 445 1786; x_wconf 77' lang='lat' dir='ltr'>Fortasse</span> <span class='ocrx_word' id='word_1_83' title='bbox 485 1736 670 1785; x_wconf 88' lang='lat' dir='ltr'>comico</span> <span class='ocrx_word' id='word_1_84' title='bbox 709 1734 1034 1784; x_wconf 85' lang='lat' dir='ltr'>tribuendum</span> <span class='ocrx_word' id='word_1_85' title='bbox 1073 1736 1163 1783; x_wconf 89' lang='lat' dir='ltr'>est.</span> 
     </span>
    </p>
   </div>
   <div class='ocr_carea' id='block_1_12' title="bbox 721 1882 1396 2022">
    <p class='ocr_par' dir='ltr' id='par_1_12' title="bbox 721 1882 1396 2022">
     <span class='ocr_line' id='line_1_19' title="bbox 764 1882 1122 1916; baseline -0.003 -1"><span class='ocrx_word' id='word_1_86' title='bbox 764 1882 1122 1916; x_wconf 70' lang='lat' dir='ltr'><strong>FRAGMENTVM</strong></span> 
     </span>
     <span class='ocr_line' id='line_1_20' title="bbox 721 1952 1396 2022; baseline -0.003 -18"><span class='ocrx_word' id='word_1_87' title='bbox 721 1952 887 2022; x_wconf 78' lang='grc' dir='ltr'><em>ἄγρια</em></span> <span class='ocrx_word' id='word_1_88' title='bbox 925 1959 1037 2004; x_wconf 86' lang='grc' dir='ltr'><em>τῶν</em></span> <span class='ocrx_word' id='word_1_89' title='bbox 1075 1952 1396 2021; x_wconf 78' lang='grc' dir='ltr'><em>παρασίτων</em></span> 
     </span>
    </p>
   </div>
   <div class='ocr_carea' id='block_1_13' title="bbox 229 2033 252 2045">
    <p class='ocr_par' dir='ltr' id='par_1_13' title="bbox 229 2033 252 2045">
     <span class='ocr_line' id='line_1_21' title="bbox 229 2033 252 2045; baseline 0 0"><span class='ocrx_word' id='word_1_90' title='bbox 229 2033 252 2045; x_wconf 56' lang='grc' dir='ltr'><strong><em>Ν</em></strong></span> 
     </span>
    </p>
   </div>
   <div class='ocr_carea' id='block_1_14' title="bbox 176 2031 326 2096">
    <p class='ocr_par' dir='ltr' id='par_1_14' title="bbox 176 2031 326 2096">
     <span class='ocr_line' id='line_1_22' title="bbox 176 2031 326 2096; baseline 0 -16"><span class='ocrx_word' id='word_1_91' title='bbox 176 2031 326 2096; x_wconf 84' lang='grc' dir='ltr'><em>φυλα</em></span> 
     </span>
    </p>
   </div>
   <div class='ocr_carea' id='block_1_15' title="bbox 195 2188 1672 2384">
    <p class='ocr_par' dir='ltr' id='par_1_15' title="bbox 195 2188 1672 2384">
     <span class='ocr_line' id='line_1_23' title="bbox 595 2188 1296 2226; baseline -0.003 -2"><span class='ocrx_word' id='word_1_92' title='bbox 595 2191 797 2226; x_wconf 76' lang='lat' dir='ltr'>HOMERI</span> <span class='ocrx_word' id='word_1_93' title='bbox 833 2191 1067 2225; x_wconf 75' lang='lat' dir='ltr'>DETORTI</span> <span class='ocrx_word' id='word_1_94' title='bbox 1102 2188 1296 2224; x_wconf 78' lang='lat' dir='ltr'>VEBSVS</span> 
     </span>
     <span class='ocr_line' id='line_1_24' title="bbox 195 2254 1595 2317; baseline -0.004 -14"><span class='ocrx_word' id='word_1_95' title='bbox 195 2259 276 2304; x_wconf 82' lang='grc' dir='ltr'><em>καὶ</em></span> <span class='ocrx_word' id='word_1_96' title='bbox 306 2259 448 2317; x_wconf 80' lang='grc' dir='ltr'><em>ἄγρια</em></span> <span class='ocrx_word' id='word_1_97' title='bbox 481 2261 608 2316; x_wconf 78' lang='grc' dir='ltr'><strong><em>φῦλα</em></strong></span> <span class='ocrx_word' id='word_1_98' title='bbox 640 2256 882 2315; x_wconf 75' lang='grc' dir='ltr'><em>Γιγάντων</em></span> <span class='ocrx_word' id='word_1_99' title='bbox 909 2258 916 2314; x_wconf 87' lang='grc' dir='ltr'>Ι</span> <span class='ocrx_word' id='word_1_100' title='bbox 950 2273 979 2313; x_wconf 89' lang='grc' dir='ltr'>η</span> <span class='ocrx_word' id='word_1_101' title='bbox 1004 2260 1092 2301; x_wconf 82' lang='grc'><em>206</em></span> <span class='ocrx_word' id='word_1_102' title='bbox 1293 2254 1437 2312; x_wconf 76' lang='grc' dir='ltr'><em>ἄγρια</em></span> <span class='ocrx_word' id='word_1_103' title='bbox 1467 2258 1595 2312; x_wconf 78' lang='grc' dir='ltr'><em>φῦλα</em></span> 
     </span>
     <span class='ocr_line' id='line_1_25' title="bbox 196 2319 1672 2384; baseline -0.003 -14"><span class='ocrx_word' id='word_1_104' title='bbox 196 2327 355 2384; x_wconf 84' lang='grc' dir='ltr'><em>μυίας,</em></span> <span class='ocrx_word' id='word_1_105' title='bbox 388 2326 447 2369; x_wconf 78' lang='grc' dir='ltr'><em>αἶ’</em></span> <span class='ocrx_word' id='word_1_106' title='bbox 470 2322 530 2383; x_wconf 77' lang='grc' dir='ltr'><em>ῤὀὶ</em></span> <span class='ocrx_word' id='word_1_107' title='bbox 560 2341 610 2370; x_wconf 88' lang='grc' dir='ltr'><em>τε</em></span> <span class='ocrx_word' id='word_1_108' title='bbox 642 2330 801 2381; x_wconf 72' lang='grc' dir='ltr'><em>φῶτας</em></span> <span class='ocrx_word' id='word_1_109' title='bbox 824 2321 1125 2380; x_wconf 63' lang='grc' dir='ltr'><em>»ἀρηιφάτους</em></span> <span class='ocrx_word' id='word_1_110' title='bbox 1154 2319 1434 2366; x_wconf 78' lang='grc' dir='ltr'><em>κατέδουσιν</em></span> <span class='ocrx_word' id='word_1_111' title='bbox 1470 2323 1514 2364; x_wconf 91' lang='grc' dir='ltr'><em>Τ</em></span> <span class='ocrx_word' id='word_1_112' title='bbox 1531 2326 1588 2366; x_wconf 86' lang='grc'><em>30</em></span> <span class='ocrx_word' id='word_1_113' title='bbox 1605 2335 1672 2378; x_wconf 83' lang='lat' dir='ltr'><em>sq.</em></span> 
     </span>
    </p>
   </div>
   <div class='ocr_carea' id='block_1_16' title="bbox 106 2449 457 2454">
    <p class='ocr_par' dir='ltr' id='par_1_16' title="bbox 106 2449 457 2454">
     <span class='ocr_line' id='line_1_26' title="bbox 106 2449 457 2454; baseline 0 0"><span class='ocrx_word' id='word_1_114' title='bbox 106 2449 457 2454; x_wconf 95' lang='lat' dir='ltr'><em> </em></span> 
     </span>
    </p>
   </div>
   <div class='ocr_carea' id='block_1_17' title="bbox 217 2478 1744 2616">
    <p class='ocr_par' dir='ltr' id='par_1_17' title="bbox 217 2478 1744 2616">
     <span class='ocr_line' id='line_1_27' title="bbox 768 2478 1122 2512; baseline -0.003 -1"><span class='ocrx_word' id='word_1_115' title='bbox 768 2478 1122 2512; x_wconf 71' lang='lat' dir='ltr'>&#39;ms&#39;rmomvu</span> 
     </span>
     <span class='ocr_line' id='line_1_28' title="bbox 217 2547 1744 2616; baseline -0.005 -13"><span class='ocrx_word' id='word_1_116' title='bbox 217 2553 370 2604; x_wconf 84' lang='lat' dir='ltr'>Clem.</span> <span class='ocrx_word' id='word_1_117' title='bbox 409 2554 552 2603; x_wconf 85' lang='lat' dir='ltr'>Alex.</span> <span class='ocrx_word' id='word_1_118' title='bbox 593 2570 639 2616; x_wconf 92' lang='lat' dir='ltr'><em>p.</em></span> <span class='ocrx_word' id='word_1_119' title='bbox 675 2553 759 2615; x_wconf 81' lang='lat'><em>62,</em></span> <span class='ocrx_word' id='word_1_120' title='bbox 802 2553 866 2600; x_wconf 94' lang='grc'><em>11</em></span> <span class='ocrx_word' id='word_1_121' title='bbox 910 2550 1046 2613; x_wconf 80' lang='lat' dir='ltr'>Sylb.</span> <span class='ocrx_word' id='word_1_122' title='bbox 1080 2570 1150 2590; x_wconf 88' lang='lat'><em>=</em></span> <span class='ocrx_word' id='word_1_123' title='bbox 1181 2549 1207 2597; x_wconf 97' lang='lat' dir='ltr'>I</span> <span class='ocrx_word' id='word_1_124' title='bbox 1244 2567 1291 2612; x_wconf 90' lang='lat' dir='ltr'><em>p.</em></span> <span class='ocrx_word' id='word_1_125' title='bbox 1328 2550 1449 2613; x_wconf 82' lang='lat'>217,</span> <span class='ocrx_word' id='word_1_126' title='bbox 1489 2549 1553 2597; x_wconf 87' lang='grc'><em>21</em></span> <span class='ocrx_word' id='word_1_127' title='bbox 1595 2547 1744 2597; x_wconf 83' lang='lat' dir='ltr'><strong>Dind.</strong></span> 
     </span>
    </p>
   </div>
   <div class='ocr_carea' id='block_1_18' title="bbox 770 2747 1123 2755">
    <p class='ocr_par' dir='ltr' id='par_1_18' title="bbox 770 2747 1123 2755">
     <span class='ocr_line' id='line_1_29' title="bbox 770 2747 1123 2755; baseline -0.008 0"><span class='ocrx_word' id='word_1_128' title='bbox 770 2747 1123 2755; x_wconf 77' lang='lat'><em>——.-———-</em></span> 
     </span>
    </p>
   </div>
   <div class='ocr_carea' id='block_1_19' title="bbox 197 3034 1520 3087">
    <p class='ocr_par' dir='ltr' id='par_1_19' title="bbox 197 3034 1520 3087">
     <span class='ocr_line' id='line_1_30' title="bbox 197 3034 1520 3087; baseline -0.005 -6"><span class='ocrx_word' id='word_1_129' title='bbox 197 3046 376 3087; x_wconf 65' lang='lat' dir='ltr'>commo.</span> <span class='ocrx_word' id='word_1_130' title='bbox 397 3046 431 3080; x_wconf 87' lang='grc' dir='ltr'><em>Ι.</em></span> <span class='ocrx_word' id='word_1_131' title='bbox 1493 3034 1520 3074; x_wconf 87' lang='grc'>8</span> 
     </span>
    </p>
   </div>
  </div>
 </body>
</html>
