2038 3140
173 885 227 926 10

171 1326 224 1367 15

906 151 976 156 —-
1060 120 1160 171 142
1244 149 1305 156 -
1434 138 1718 172 ARGHESTR.
1757 140 1945 173 HEDYP.

264 252 377 303 ἔστι
417 252 520 321 γὰρ
562 252 699 304 αὐτὰ
738 252 997 321 κράτιστα
1039 252 1229 317 λαβεῖν
1269 249 1522 318 βέλτιστά
1560 271 1616 304 τε
1656 251 1902 320 πάντων,

263 338 541 407 εὐκάρπου
582 344 781 409 κριθῆς
818 344 1079 407 καθαρῶς
1119 338 1399 407 ἠσκημένα
1438 341 1640 407 παστά,

263 426 322 478 έν
363 425 559 497 Λέσβῳ
601 432 817 495 κλεινῆς
855 423 1079 495 Ἐρέσου
1117 427 1445 496 περικύμονι
1484 434 1695 500 μαστῷ,

261 510 538 585 λευκότερ’
577 516 830 586 αἰθεριής
869 517 1078 584 χιόνος·
1117 513 1244 567 θεοὶ
1284 519 1435 586 εἴπερ
1477 517 1702 569 ἔδουσιν

261 600 470 671 ἄλφιτ’,
511 601 725 656 ἐκεῖθεν
768 604 867 656 ἰὼν
900 600 1102 671 Ἑρμῆς
1142 602 1330 665 αὐτοῖς
1369 603 1633 674 ἀγοράζει.

260 694 374 744 ἔστι
418 689 478 744 δὲ
516 691 619 743 κάν
660 694 869 759 Θήβαις
906 701 1024 754 ταῖς
1063 690 1394 754 ἑπταπύλοις
1435 692 1640 760 ἐπιεικῆ

259 779 363 833 κάν
403 781 566 852 Θάσῳ
608 781 668 832 ἕν
707 776 754 832 τ’
792 781 983 843 ἄλλαις
1020 782 1247 834 πόλεσίν
1287 793 1459 848 τισιν,
1500 780 1637 833 ἀλλὰ
1674 782 1906 850 γίγαρτα

259 871 557 937 φαίνονται
595 869 733 938 πρὸς
773 867 975 922 ἐκεῖνα·
1018 878 1187 937 σαφεῖ
1220 867 1339 921 τάδ’
1380 869 1637 922 ἐπίστασο
1680 869 1826 939 δόξῃ.

260 957 795 1027 στρογγυλοδίνητος
836 955 897 1009 δὲ
935 956 1288 1026 τετριμμένος
1328 953 1389 1010 εὗ
1427 958 1563 1009 κατὰ
1601 965 1755 1027 χεῖρα

258 1045 442 1110 κόλλιξ
486 1046 819 1107 Θεσσαλικός
861 1058 949 1097 σοι
989 1044 1300 1114 ὑπαρχέτω,
1343 1045 1407 1098 ὃν
1447 1044 1707 1098 καλέουσι

258 1142 433 1187 κεῖνοι
471 1135 787 1204 κριμνίτην,
830 1133 888 1184 οὗ
925 1130 973 1184 δ’
1013 1133 1170 1186 ἄλλοι
1209 1135 1512 1205 χόνδρινον
1553 1134 1737 1203 ἄρτον.

258 1218 373 1275 εἶτα
412 1223 511 1275 τὸν
552 1221 609 1274 ἐκ
656 1219 855 1289 Τεγέης
897 1222 1216 1290 σεμιδάλεος
1255 1222 1382 1276 υίὸν
1423 1221 1626 1275 ἐπαινῶ

258 1307 607 1380 ἐγκρυφίῆν.’
657 1310 756 1362 τὸν
798 1305 848 1360 δ’
887 1310 965 1372 εἰς
1004 1309 1213 1379 ἀγορὴν
1253 1310 1611 1379 πωλεύμενον
1652 1310 1821 1380 ἄρτον

258 1399 319 1451 αἱ
352 1396 563 1452 κλειναὶ
603 1396 905 1468 παρέχουσι
945 1400 1166 1466 βροτοῖς
1203 1398 1498 1451 κάλλιστον
1533 1395 1781 1467 Ἀθῆναι.

257 1486 316 1541 ἐν
359 1484 420 1540 δὲ
461 1487 901 1557 φερεσταφύλοις
935 1481 1232 1556 Ἐρυθραῖς
1273 1486 1330 1540 ἐκ
1372 1486 1638 1555 κλιβάνου
1679 1485 1863 1539 ἐλθὼν

255 1577 449 1638 λευκὸς
488 1575 682 1645 ἁβραῖς
720 1574 949 1627 θάλλων
990 1575 1157 1645 ὥραις
1195 1573 1383 1643 τέρψει
1423 1576 1568 1644 παρὰ
1610 1575 1852 1628 δεῖπνον.

759 1712 958 1744 HOMERI
997 1711 1189 1746 VERSVS
1231 1712 1432 1746 SIMILES

378 1777 403 1815 6
437 1768 701 1827 λευκότεροι
732 1768 924 1827 χιόνος*
954 1773 1001 1813 K
1020 1775 1106 1815 437

258 1843 310 1882 12
332 1852 397 1893 sq,
431 1835 512 1880 τόν
545 1834 589 1894 ῤ’
615 1834 797 1892 ’Ἕκτωρ
830 1834 1049 1881 καλέεσκε
1080 1836 1442 1895 Σκαμάνδριον,
1475 1836 1622 1895 αὐτὰρ
1655 1834 1704 1881 οῖ
1731 1835 1861 1880 ἄλλοι

427 1900 741 1946 Ἀστυάνακτ’·
777 1899 873 1953 οἷος
904 1901 991 1959 γὰρ
1023 1897 1115 1946 κτὲ.
1153 1905 1187 1945 Ζ
1210 1907 1296 1947 402
1316 1917 1383 1958 sq.

435 1967 487 2013 ὃν
513 1967 712 2016 Ξάνθον
744 1966 963 2012 καλέουσι
993 1969 1122 2023 θεοί,
1157 1967 1325 2026 ἄνδρες
1357 1965 1408 2012 δὲ
1442 1965 1758 2025 Σκάμανδρον
1796 1969 1836 2010 Τ
1857 1971 1912 2012 74

346 2039 398 2079 15
433 2034 539 2079 οὔτε
570 2031 675 2078 ποτ’
706 2032 771 2084 εἰς
803 2033 980 2091 ἀγορὴν
1011 2030 1272 2078 πωλέσκετο
1305 2038 1341 2077 Α
1370 2039 1456 2078 490

433 2099 480 2144 οἵ
509 2098 554 2144 δ’
585 2098 650 2151 εἰς
680 2097 909 2157 ἡμέτερον
940 2099 1227 2156 πωλεύμενοι
1261 2101 1288 2158 β
1313 2105 1368 2144 55
1395 2102 1398 2105 ’

818 2209 1072 2243 VARIETAS
1111 2210 1382 2244 LEOTIONIS

371 2269 457 2312 ΠΠ
481 2273 507 2312 3
535 2266 630 2313 ἔστι
652 2268 740 2327 γὰρ
768 2265 851 2314 οὖν
874 2268 932 2313 τὰ
947 2270 1007 2325 A,
1033 2269 1225 2324 correxi,
1261 2267 1384 2313 ἔστιν
1409 2268 1497 2326 γὰρ
1522 2268 1580 2312 τὰ
1602 2268 1820 2312 Musurus
1910 2274 1938 2314 4

252 2333 491 2393 ἠσσημένα
505 2334 722 2378 Meineke
813 2334 968 2379 πάντα
992 2335 1051 2390 A,
1084 2333 1285 2379 correxit
1314 2334 1467 2379 Roehl
1501 2334 1678 2379 ‘Jahrb
1697 2334 1726 2379 f.
1745 2334 1933 2379 Philol.’

254 2406 366 2446 1879
385 2418 428 2458 p.
445 2405 529 2445 736
621 2405 647 2445 5
674 2399 744 2446 εἰν
764 2397 935 2461 Ἐρέσῳ
953 2404 1136 2457 κλεινῆς
1150 2398 1346 2460 Λέσβου,
1371 2401 1481 2445 dein
1505 2396 1556 2445 ἐν
1572 2398 1731 2459 Λέσβῳ
1756 2403 1939 2458 κλεινῆς

250 2465 294 2511 τ’
310 2464 503 2524 Ἐρέσου
519 2466 749 2522 Meineke,
774 2462 825 2511 ἐν
842 2460 1024 2524 Λέσβου
1042 2470 1224 2523 κλεινῆς
1236 2463 1410 2527 Ἐρέσῳ
1426 2466 1702 2523 ποτικύμονι
1725 2465 1939 2510 Ribbeck

253 2539 278 2578 6
297 2531 533 2590 αὐθερίηςε
560 2531 832 2591 αὐθερίαςΑ
902 2539 956 2578 10
982 2529 1164 2584 ἐκείνας
1188 2534 1327 2591 ἀφεὶς
1343 2533 1402 2579 τὰ
1419 2531 1464 2578 δ’
1487 2530 1704 2578 ἐπίστασο
1723 2531 1861 2589 δόξης
1877 2534 1936 2590 A,

252 2598 453 2644 correxit
480 2598 782 2642 Casaubonus
871 2604 924 2643 13
957 2601 1218 2656 κριμνίτηνε
1244 2600 1529 2659 κριμματίαν
1553 2599 1620 2654 A,
1657 2600 1937 2655 κριμνατίαν

252 2664 685 2722 Schweighaeuser,
719 2666 965 2723 κριμνίταν
998 2665 1172 2710 collato
1206 2666 1314 2712 Ath.
1341 2665 1448 2710 XIV
1473 2669 1598 2709 6462,
1627 2663 1842 2709 Meineke
1875 2665 1938 2709 ad

250 2732 582 2789 Alciphronem
612 2747 656 2788 p.
691 2737 773 2777 169
899 2737 954 2776 14
987 2728 1038 2777 ἐκ
1067 2731 1257 2790 Τεγέης-ε
1293 2728 1343 2778 ἐν
1380 2728 1570 2789 Τεγέαις
1599 2731 1667 2785 A,
1701 2726 1750 2774 ἐν
1788 2729 1938 2792 Τεγέᾳ

249 2797 477 2855 Meineke‚
497 2795 548 2843 ἐκ
570 2797 743 2856 Τεγέας
758 2797 929 2842 Kaibel
993 2803 1045 2843 15
1065 2795 1345 2857 ἐγκρυφίηντ
1365 2793 1624 2855 ἐγκρυφίαν
1641 2795 1687 2840 Α
1736 2796 1934 2854 ἀγορὴνε

251 2863 428 2921 ἀγορὰν
446 2866 492 2909 A
581 2865 864 2923 ποιεύμενον
887 2866 947 2921 A,
981 2879 1095 2910 corr,
1124 2865 1320 2909 Shadtm.
1438 2868 1491 2907 17
1526 2860 1661 2920 φέρει
1685 2863 1936 2919 σταφύλοις

252 2925 472 2987 ἐρυθροῖς
496 2925 744 2990 έκλιβάνου
771 2927 924 2976 ἐλθών
952 2932 1018 2988 A,
1052 2945 1166 2977 corr.
1183 2931 1399 2975 Musurus
1490 2927 1620 2973 Idem
1646 2932 1699 2972 18
1726 2929 1869 2988 αβραι
1889 2929 1937 2979 A
