2038 3140
119 123 438 157 FRAGMENTA
764 137 819 142 —
909 107 1008 158 107
1094 138 1154 143 —

126 234 212 306 (cf.
244 258 291 288 v.
326 234 381 306 6)
421 243 570 302 poeta
608 243 837 304 revertit3
892 243 1023 290 unde
1064 243 1213 291 etiam
1252 244 1554 291 luculentius
1595 249 1803 306 apparet

123 321 473 369 similitudines
500 321 611 369 illas
637 338 804 370 omnes
829 339 925 370 non
948 339 1093 384 posse
1119 325 1293 371 referri
1317 324 1413 372 nisi
1442 325 1504 372 ad
1529 329 1799 374 certantes:

121 417 237 449 nam
278 404 334 449 ut
371 402 546 464 incipit
586 404 757 467 ecloga
795 419 824 450 a
864 406 1201 464 spectatorum
1239 406 1384 467 votis,
1425 406 1492 453 sic
1533 406 1713 454 desinit
1751 408 1801 454 in

121 482 291 530 eadem
339 483 459 531 haec
506 486 644 546 vota,
700 484 751 531 in
802 484 979 546 quibus
1026 486 1364 546 nuncupandis
1414 487 1636 547 occupati
1687 491 1803 535 sunt

120 565 428 624 spectatores
469 565 587 611 dum
627 568 818 613 certant
856 566 1075 628 aurigae.

869 838 1003 892 VIII
1022 839 1055 891 b

782 976 1140 1011 FRAGMENTVM

191 1068 347 1128 μῖμοι
385 1055 433 1111 τ’
471 1059 739 1129 ὀρχησταί
771 1079 828 1113 τε
868 1062 1287 1131 χοροιτυπίῃσιν
1325 1062 1541 1130 ἄριστοι

190 1147 375 1201 ἵππων
413 1143 460 1200 τ’
499 1147 806 1201 ὠκυπόδων
845 1148 1186 1216 ἐπιβήτορες,
1227 1149 1286 1202 οἵ
1318 1168 1379 1202 κε
1415 1149 1639 1218 τάχιστα

190 1237 420 1305 ἤγειραν
459 1236 596 1305 μέγα
635 1245 817 1299 νεῖκος
855 1235 1235 1290 ἀπαιδεύτοισι
1272 1243 1499 1300 θεαταῖς

190 1325 504 1394 νηπιάχοις,
546 1326 715 1390 ξυνὸν
755 1323 815 1377 δὲ
854 1325 1025 1378 κακὸν
1062 1323 1318 1379 πολέεσσι
1358 1323 1644 1395 φέρουσιν.

610 1477 810 1510 HOMERI
846 1477 1078 1510 DETORTI
1115 1477 1308 1512 VERSVS

207 1562 229 1601 1
262 1558 470 1613 ψεῦσταί
494 1555 537 1601 τ’
566 1557 792 1614 ὀρχησταί
817 1574 888 1613 τε,
921 1559 1271 1615 χοροιτυπίῃσιν
1304 1557 1482 1614 ἄριστοι
1527 1561 1571 1602 ,Ω
1595 1563 1679 1603 261

115 1629 142 1668 2
161 1637 229 1680 sq.
263 1624 418 1668 ἵππων
450 1621 492 1668 τ’
521 1621 780 1668 ὠκυπόδων
813 1620 1112 1683 ἐπιβήτορας,
1145 1626 1199 1669 02‘
1221 1641 1273 1669 κε
1304 1624 1497 1683 τάχιστα

267 1687 459 1747 ἔκριναν
491 1689 610 1748 μέγα
639 1696 795 1742 νεῖκος
825 1689 1007 1747 ὁμοιίου
1038 1688 1258 1748 πολέμοιο
1298 1705 1324 1735 σ
1347 1696 1433 1736 263
1451 1706 1518 1747 sq.

203 1761 232 1800 4
263 1757 506 1813 νηπίαχοι·
540 1757 681 1811 ξυνὸν
714 1754 766 1801 δὲ
799 1757 947 1802 κακὸν
978 1756 1190 1802 πολέεσσι
1221 1760 1397 1802 τιθεῖσι
1435 1760 1486 1801 Π
1506 1764 1590 1804 262

779 1897 1136 1931 TESTIMONIVM

226 1985 321 2034 Dio
362 1982 748 2048 chrysostomus
797 2001 866 2035 or.
906 1984 1097 2033 XXXII
1136 1987 1170 2032 4
1210 2002 1256 2047 p.
1292 1986 1397 2034 654
1436 1986 1639 2034 Reiske:
1687 1982 1799 2035 οὔτε

116 2063 211 2132 γὰρ
260 2062 402 2114 αὐτοὶ
447 2064 716 2115 σπουδαῖοί
757 2063 859 2114 ἐστε
906 2062 1017 2114 οὔτε
1062 2064 1116 2114 οἱ
1155 2062 1379 2130 ὑμέτεροι
1427 2064 1665 2129 συνήθεις
1716 2063 1799 2114 καὶ

0 2134 30 2212 ,Ὗ
116 2145 351 2204 πολλάκις
389 2143 458 2203 εἷς
495 2141 625 2208 ὑμᾶς
662 2143 910 2208 εἰσιόντες,
949 2149 1153 2209 «μῖμοι
1188 2171 1250 2179 -
1287 2142 1632 2210 φέρουσιν».

675 2298 930 2333 VARm'rAS
970 2299 1240 2334 LECTIONIS

233 2367 351 2413 Cum
380 2382 423 2411 v.
460 2371 482 2410 1
516 2366 865 2424 χοροιτυπίῃσιν
904 2369 951 2411 et
989 2365 1259 2423 languidius
1290 2365 1506 2410 videatur
1535 2367 1588 2410 ut
1620 2364 1796 2422 simpli-

113 2433 233 2479 citer
264 2447 322 2478 ex
350 2433 554 2478 Homero
587 2431 916 2490 depromptum
954 2435 1004 2477 et
1031 2432 1186 2476 minus
1219 2432 1460 2477 commode
1491 2431 1670 2477 dictum
1708 2434 1797 2478 hoc

113 2499 219 2545 loco
250 2499 310 2544 de
341 2498 512 2554 mimis,
542 2497 929 2542 Wachsmuthius
961 2512 1244 2555 quamquam
1274 2497 1325 2541 in
1354 2499 1454 2543 tam
1478 2497 1649 2555 exiguo
1672 2498 1798 2555 stag-

113 2568 273 2612 mento
305 2566 483 2610 certum
515 2562 743 2608 iudicium
780 2563 935 2609 facere
973 2578 1068 2609 non
1101 2565 1223 2621 vult,
1269 2566 1429 2609 tamen
1468 2577 1563 2608 non
1599 2565 1700 2608 tam
1738 2562 1797 2608 de

114 2630 423 2677 saltatoribus
454 2629 760 2688 cogitandum
791 2642 892 2675 esse
922 2632 1062 2688 putat
1092 2644 1234 2688 quam
1265 2630 1322 2674 de
1346 2627 1571 2686 cinaedis,
1602 2642 1799 2685 quorum

115 2697 179 2744 ad
208 2697 463 2744 obscoenas
497 2694 774 2740 saltationes
804 2695 1007 2740 maxime
1039 2695 1311 2742 conveniret
1341 2694 1383 2739 si
1413 2693 1641 2752 scriptum
1671 2695 1799 2739 esset

111 2764 490 2823 χαμαιτυπίῃσιν.
