<?xml version="1.0" encoding="UTF-8"?>
<!DOCTYPE html PUBLIC "-//W3C//DTD XHTML 1.0 Transitional//EN"
    "http://www.w3.org/TR/xhtml1/DTD/xhtml1-transitional.dtd">
<html xmlns="http://www.w3.org/1999/xhtml" xml:lang="en" lang="en">
 <head>
  <title>
</title>
<meta http-equiv="Content-Type" content="text/html;charset=utf-8" />
  <meta name='ocr-system' content='tesseract 3.04.00' />
  <meta name='ocr-capabilities' content='ocr_page ocr_carea ocr_par ocr_line ocrx_word'/>
</head>
<body>
  <div class='ocr_page' id='page_1' title='image "./corpusculumpoesi01lipsuoft_0181.png"; bbox 0 0 2038 3140; ppageno 0'>
   <div class='ocr_carea' id='block_1_1' title="bbox 0 0 3 76">
    <p class='ocr_par' dir='ltr' id='par_1_1' title="bbox 0 0 3 76">
     <span class='ocr_line' id='line_1_1' title="bbox 0 0 3 76; baseline 0 0"><span class='ocrx_word' id='word_1_1' title='bbox 0 0 3 76; x_wconf 61' lang='lat' dir='ltr'><strong><em>J</em></strong></span> 
     </span>
    </p>
   </div>
   <div class='ocr_carea' id='block_1_2' title="bbox 144 92 1180 144">
    <p class='ocr_par' dir='ltr' id='par_1_2' title="bbox 144 92 1180 144">
     <span class='ocr_line' id='line_1_2' title="bbox 144 92 1180 144; baseline 0.002 -2"><span class='ocrx_word' id='word_1_2' title='bbox 144 110 333 143; x_wconf 79' lang='lat' dir='ltr'><strong>FRAGM.</strong></span> <span class='ocrx_word' id='word_1_3' title='bbox 367 111 596 143; x_wconf 80' lang='lat' dir='ltr'>Lvn-Lx</span> <span class='ocrx_word' id='word_1_4' title='bbox 788 122 850 128; x_wconf 93' lang='lat'><em>——</em></span> <span class='ocrx_word' id='word_1_5' title='bbox 937 92 1037 144; x_wconf 79' lang='lat'><em>167</em></span> <span class='ocrx_word' id='word_1_6' title='bbox 1123 123 1180 129; x_wconf 92' lang='lat'><strong>—</strong></span> 
     </span>
    </p>
   </div>
   <div class='ocr_carea' id='block_1_3' title="bbox 0 217 1928 1615">
    <p class='ocr_par' dir='ltr' id='par_1_3' title="bbox 15 217 1918 557">
     <span class='ocr_line' id='line_1_3' title="bbox 15 217 1918 292; baseline 0.004 -21"><span class='ocrx_word' id='word_1_7' title='bbox 15 234 104 270; x_wconf 79' lang='lat' dir='ltr'><em>mx</em></span> <span class='ocrx_word' id='word_1_8' title='bbox 153 217 260 275; x_wconf 81' lang='grc' dir='ltr'><em>εἷθ’</em></span> <span class='ocrx_word' id='word_1_9' title='bbox 300 222 505 275; x_wconf 85' lang='grc' dir='ltr'>ὁπόταν</span> <span class='ocrx_word' id='word_1_10' title='bbox 542 225 809 292; x_wconf 85' lang='grc' dir='ltr'><em>πλήρωμα</em></span> <span class='ocrx_word' id='word_1_11' title='bbox 850 225 989 286; x_wconf 85' lang='grc' dir='ltr'><em>Διὸς</em></span> <span class='ocrx_word' id='word_1_12' title='bbox 1028 231 1274 291; x_wconf 83' lang='grc' dir='ltr'><em>σωτῆρος</em></span> <span class='ocrx_word' id='word_1_13' title='bbox 1313 221 1542 290; x_wconf 80' lang='grc' dir='ltr'><em>ἕλησθε,</em></span> <span class='ocrx_word' id='word_1_14' title='bbox 1843 238 1918 278; x_wconf 81' lang='lat'>(59)</span> 
     </span>
     <span class='ocr_line' id='line_1_4' title="bbox 153 311 1700 379; baseline 0 -17"><span class='ocrx_word' id='word_1_15' title='bbox 153 311 258 378; x_wconf 75' lang='grc' dir='ltr'><em>ἤδη</em></span> <span class='ocrx_word' id='word_1_16' title='bbox 299 311 400 379; x_wconf 84' lang='grc' dir='ltr'><em>χρὴ</em></span> <span class='ocrx_word' id='word_1_17' title='bbox 440 313 669 378; x_wconf 84' lang='grc' dir='ltr'><em>γεραόν,</em></span> <span class='ocrx_word' id='word_1_18' title='bbox 708 313 906 363; x_wconf 92' lang='grc' dir='ltr'><em>πολιὸν</em></span> <span class='ocrx_word' id='word_1_19' title='bbox 947 311 1166 379; x_wconf 90' lang='grc' dir='ltr'><em>σφόδρα</em></span> <span class='ocrx_word' id='word_1_20' title='bbox 1204 318 1375 379; x_wconf 82' lang='grc' dir='ltr'><em>κρᾶτα</em></span> <span class='ocrx_word' id='word_1_21' title='bbox 1415 317 1700 378; x_wconf 77' lang='grc' dir='ltr'><em>φοροῦντα</em></span> 
     </span>
     <span class='ocr_line' id='line_1_5' title="bbox 149 394 1665 471; baseline 0.001 -21"><span class='ocrx_word' id='word_1_22' title='bbox 149 394 329 466; x_wconf 81' lang='grc' dir='ltr'><em>οἶνον,</em></span> <span class='ocrx_word' id='word_1_23' title='bbox 371 398 550 466; x_wconf 81' lang='grc' dir='ltr'><em>ὑγρὴν</em></span> <span class='ocrx_word' id='word_1_24' title='bbox 589 401 783 468; x_wconf 79' lang='grc' dir='ltr'><em>χαίτην</em></span> <span class='ocrx_word' id='word_1_25' title='bbox 823 404 997 471; x_wconf 74' lang='grc' dir='ltr'><em>λευκῷ</em></span> <span class='ocrx_word' id='word_1_26' title='bbox 1038 397 1462 467; x_wconf 83' lang='grc' dir='ltr'><em>πεπυκασμένον</em></span> <span class='ocrx_word' id='word_1_27' title='bbox 1501 400 1665 451; x_wconf 76' lang='grc' dir='ltr'><em>ἄνθει</em></span> 
     </span>
     <span class='ocr_line' id='line_1_6' title="bbox 151 485 1461 557; baseline 0 -18"><span class='ocrx_word' id='word_1_28' title='bbox 151 489 334 539; x_wconf 80' lang='grc' dir='ltr'><em>πίνειν</em></span> <span class='ocrx_word' id='word_1_29' title='bbox 373 485 431 540; x_wconf 81' lang='grc' dir='ltr'><em>ἐκ</em></span> <span class='ocrx_word' id='word_1_30' title='bbox 471 485 694 555; x_wconf 85' lang='grc' dir='ltr'><em>Λέσβου</em></span> <span class='ocrx_word' id='word_1_31' title='bbox 731 489 1102 557; x_wconf 77' lang='grc' dir='ltr'><em>περικύμονος</em></span> <span class='ocrx_word' id='word_1_32' title='bbox 1140 486 1461 555; x_wconf 78' lang='grc' dir='ltr'><strong><em>ἐκγεγαῶτα.</em></strong></span> 
     </span>
    </p>

    <p class='ocr_par' dir='ltr' id='par_1_4' title="bbox 0 571 1768 1438">
     <span class='ocr_line' id='line_1_7' title="bbox 90 571 1635 645; baseline 0.001 -19"><span class='ocrx_word' id='word_1_33' title='bbox 90 594 115 633; x_wconf 84' lang='lat'>5</span> <span class='ocrx_word' id='word_1_34' title='bbox 149 577 246 627; x_wconf 89' lang='grc' dir='ltr'><em>τόν</em></span> <span class='ocrx_word' id='word_1_35' title='bbox 284 571 330 626; x_wconf 87' lang='grc' dir='ltr'><em>τ’</em></span> <span class='ocrx_word' id='word_1_36' title='bbox 370 573 476 626; x_wconf 81' lang='grc' dir='ltr'><em>ἀπὸ</em></span> <span class='ocrx_word' id='word_1_37' title='bbox 521 578 786 643; x_wconf 72' lang='grc' dir='ltr'><em>Φοινίκης</em></span> <span class='ocrx_word' id='word_1_38' title='bbox 826 576 974 645; x_wconf 79' lang='grc' dir='ltr'><em>ἱερῆς</em></span> <span class='ocrx_word' id='word_1_39' title='bbox 1012 577 1111 628; x_wconf 90' lang='grc' dir='ltr'><em>τὸν</em></span> <span class='ocrx_word' id='word_1_40' title='bbox 1151 576 1432 643; x_wconf 86' lang='grc' dir='ltr'><em>Βύβλινον</em></span> <span class='ocrx_word' id='word_1_41' title='bbox 1472 577 1635 642; x_wconf 82' lang='grc' dir='ltr'><em>αἰνῶ,</em></span> 
     </span>
     <span class='ocr_line' id='line_1_8' title="bbox 147 661 1574 734; baseline 0.001 -20"><span class='ocrx_word' id='word_1_42' title='bbox 147 662 215 715; x_wconf 85' lang='grc' dir='ltr'><em>οὐ</em></span> <span class='ocrx_word' id='word_1_43' title='bbox 255 661 444 731; x_wconf 88' lang='grc' dir='ltr'><em>μέντοι</em></span> <span class='ocrx_word' id='word_1_44' title='bbox 483 665 647 734; x_wconf 79' lang='grc' dir='ltr'><em>κείνῳ</em></span> <span class='ocrx_word' id='word_1_45' title='bbox 686 683 748 731; x_wconf 91' lang='grc' dir='ltr'><em>γε</em></span> <span class='ocrx_word' id='word_1_46' title='bbox 787 664 1060 733; x_wconf 78' lang='grc' dir='ltr'><em>παρεξισῶ</em></span> <span class='ocrx_word' id='word_1_47' title='bbox 1101 663 1293 716; x_wconf 87' lang='grc' dir='ltr'><em>αὐτόν·</em></span> <span class='ocrx_word' id='word_1_48' title='bbox 1334 663 1430 716; x_wconf 83' lang='grc' dir='ltr'><em>ἐὰν</em></span> <span class='ocrx_word' id='word_1_49' title='bbox 1469 665 1574 731; x_wconf 79' lang='grc' dir='ltr'><em>γὰρ</em></span> 
     </span>
     <span class='ocr_line' id='line_1_9' title="bbox 147 750 1551 822; baseline 0 -19"><span class='ocrx_word' id='word_1_50' title='bbox 147 750 409 818; x_wconf 77' lang='grc' dir='ltr'><em>ἐξαίφνης</em></span> <span class='ocrx_word' id='word_1_51' title='bbox 449 750 622 804; x_wconf 89' lang='grc' dir='ltr'><em>αὐτοῦ</em></span> <span class='ocrx_word' id='word_1_52' title='bbox 660 753 830 822; x_wconf 79' lang='grc' dir='ltr'><em>γεύσῃ</em></span> <span class='ocrx_word' id='word_1_53' title='bbox 872 754 944 821; x_wconf 89' lang='grc' dir='ltr'><em>μὴ</em></span> <span class='ocrx_word' id='word_1_54' title='bbox 984 755 1235 821; x_wconf 77' lang='grc' dir='ltr'><em>πρόσθεν</em></span> <span class='ocrx_word' id='word_1_55' title='bbox 1275 751 1551 816; x_wconf 83' lang='grc' dir='ltr'><em>ἐθισθείς,</em></span> 
     </span>
     <span class='ocr_line' id='line_1_10' title="bbox 147 835 1421 908; baseline 0 -17"><span class='ocrx_word' id='word_1_56' title='bbox 147 839 359 907; x_wconf 80' lang='grc' dir='ltr'><strong><em>εὐώδης</em></strong></span> <span class='ocrx_word' id='word_1_57' title='bbox 397 837 498 907; x_wconf 87' lang='grc' dir='ltr'><em>μέν</em></span> <span class='ocrx_word' id='word_1_58' title='bbox 538 853 626 891; x_wconf 94' lang='grc' dir='ltr'><em>σοι</em></span> <span class='ocrx_word' id='word_1_59' title='bbox 668 839 814 900; x_wconf 81' lang='grc' dir='ltr'><em>δόξει</em></span> <span class='ocrx_word' id='word_1_60' title='bbox 852 847 953 894; x_wconf 87' lang='grc' dir='ltr'><em>τοῦ</em></span> <span class='ocrx_word' id='word_1_61' title='bbox 993 842 1239 908; x_wconf 87' lang='grc' dir='ltr'><em>Λεσβίου</em></span> <span class='ocrx_word' id='word_1_62' title='bbox 1279 835 1421 892; x_wconf 79' lang='grc' dir='ltr'><em>εἶναι</em></span> 
     </span>
     <span class='ocr_line' id='line_1_11' title="bbox 150 927 1768 997; baseline 0.001 -18"><span class='ocrx_word' id='word_1_63' title='bbox 150 931 377 996; x_wconf 82' lang='grc' dir='ltr'><em>μᾶλλον,</em></span> <span class='ocrx_word' id='word_1_64' title='bbox 419 929 528 995; x_wconf 82' lang='grc' dir='ltr'><em>ἔχει</em></span> <span class='ocrx_word' id='word_1_65' title='bbox 567 929 672 995; x_wconf 84' lang='grc' dir='ltr'><em>γὰρ</em></span> <span class='ocrx_word' id='word_1_66' title='bbox 712 936 875 981; x_wconf 86' lang='grc' dir='ltr'><em>τοῦτο</em></span> <span class='ocrx_word' id='word_1_67' title='bbox 916 930 1123 997; x_wconf 83' lang='grc' dir='ltr'><em>χρόνου</em></span> <span class='ocrx_word' id='word_1_68' title='bbox 1165 928 1256 979; x_wconf 85' lang='grc' dir='ltr'><em>διὰ</em></span> <span class='ocrx_word' id='word_1_69' title='bbox 1295 935 1464 995; x_wconf 83' lang='grc' dir='ltr'><em>μῆκος</em></span> <span class='ocrx_word' id='word_1_70' title='bbox 1502 927 1768 980; x_wconf 80' lang='grc' dir='ltr'><em>ἄπλατον·</em></span> 
     </span>
     <span class='ocr_line' id='line_1_12' title="bbox 0 1011 1626 1090; baseline -0.003 -18"><span class='ocrx_word' id='word_1_71' title='bbox 0 1051 1 1056; x_wconf 65' lang='lat'>=</span> <span class='ocrx_word' id='word_1_72' title='bbox 62 1033 115 1072; x_wconf 88' lang='lat'><em>10</em></span> <span class='ocrx_word' id='word_1_73' title='bbox 148 1017 444 1084; x_wconf 80' lang='grc' dir='ltr'><em>πινόμενος</em></span> <span class='ocrx_word' id='word_1_74' title='bbox 485 1011 535 1068; x_wconf 83' lang='grc' dir='ltr'><em>δ’</em></span> <span class='ocrx_word' id='word_1_75' title='bbox 573 1017 760 1084; x_wconf 72' lang='grc' dir='ltr'><em>ἥσσων</em></span> <span class='ocrx_word' id='word_1_76' title='bbox 800 1021 1001 1090; x_wconf 75' lang='grc' dir='ltr'><em>πολλῷ.</em></span> <span class='ocrx_word' id='word_1_77' title='bbox 1078 1024 1261 1078; x_wconf 82' lang='grc' dir='ltr'><em>κεῖνος</em></span> <span class='ocrx_word' id='word_1_78' title='bbox 1302 1013 1361 1067; x_wconf 78' lang='grc' dir='ltr'><em>δὲ</em></span> <span class='ocrx_word' id='word_1_79' title='bbox 1404 1016 1626 1083; x_wconf 80' lang='grc' dir='ltr'><em>δοκήσει</em></span> 
     </span>
     <span class='ocr_line' id='line_1_13' title="bbox 149 1102 1636 1175; baseline -0.001 -19"><span class='ocrx_word' id='word_1_80' title='bbox 149 1104 251 1156; x_wconf 87' lang='grc' dir='ltr'><em>οὐκ</em></span> <span class='ocrx_word' id='word_1_81' title='bbox 291 1108 425 1175; x_wconf 79' lang='grc' dir='ltr'><em>οἴνῳ</em></span> <span class='ocrx_word' id='word_1_82' title='bbox 466 1117 555 1156; x_wconf 91' lang='grc' dir='ltr'><em>σοι</em></span> <span class='ocrx_word' id='word_1_83' title='bbox 596 1106 741 1173; x_wconf 82' lang='grc' dir='ltr'><em>ἔχειν</em></span> <span class='ocrx_word' id='word_1_84' title='bbox 781 1105 977 1174; x_wconf 81' lang='grc' dir='ltr'><em>ὅμοιον</em></span> <span class='ocrx_word' id='word_1_85' title='bbox 1015 1102 1203 1173; x_wconf 57' lang='grc' dir='ltr'><em>γέρας,</em></span> <span class='ocrx_word' id='word_1_86' title='bbox 1245 1102 1518 1173; x_wconf 76' lang='grc' dir='ltr'><em>ἀμβροσίῃ</em></span> <span class='ocrx_word' id='word_1_87' title='bbox 1561 1103 1636 1156; x_wconf 86' lang='grc' dir='ltr'><em>δέ.</em></span> 
     </span>
     <span class='ocr_line' id='line_1_14' title="bbox 149 1191 1596 1261; baseline 0 -17"><span class='ocrx_word' id='word_1_88' title='bbox 149 1194 201 1244; x_wconf 85' lang='grc' dir='ltr'><em>εἰ</em></span> <span class='ocrx_word' id='word_1_89' title='bbox 239 1191 303 1245; x_wconf 88' lang='grc' dir='ltr'><em>δέ</em></span> <span class='ocrx_word' id='word_1_90' title='bbox 338 1211 484 1254; x_wconf 88' lang='grc' dir='ltr'><em>τινες</em></span> <span class='ocrx_word' id='word_1_91' title='bbox 524 1194 872 1245; x_wconf 84' lang='grc' dir='ltr'><em>σκώπτουσιν</em></span> <span class='ocrx_word' id='word_1_92' title='bbox 913 1193 1596 1261; x_wconf 82' lang='grc' dir='ltr'><em>ἀλαζονοχαυνοφλύαροι,</em></span> 
     </span>
     <span class='ocr_line' id='line_1_15' title="bbox 150 1275 1474 1349; baseline 0.001 -17"><span class='ocrx_word' id='word_1_93' title='bbox 150 1280 224 1342; x_wconf 83' lang='grc' dir='ltr'><em>ὡς</em></span> <span class='ocrx_word' id='word_1_94' title='bbox 264 1281 488 1343; x_wconf 86' lang='grc' dir='ltr'><em>α’διστος</em></span> <span class='ocrx_word' id='word_1_95' title='bbox 528 1283 634 1349; x_wconf 81' lang='grc' dir='ltr'><em>ἔφυ</em></span> <span class='ocrx_word' id='word_1_96' title='bbox 674 1281 896 1334; x_wconf 77' lang='grc' dir='ltr'><em>πάντων</em></span> <span class='ocrx_word' id='word_1_97' title='bbox 941 1283 1224 1343; x_wconf 88' lang='grc' dir='ltr'><em>Φοινίκιος</em></span> <span class='ocrx_word' id='word_1_98' title='bbox 1264 1275 1474 1348; x_wconf 82' lang='grc' dir='ltr'><em>οἶνος,-</em></span> 
     </span>
     <span class='ocr_line' id='line_1_16' title="bbox 151 1365 1764 1438; baseline 0.002 -17"><span class='ocrx_word' id='word_1_99' title='bbox 151 1367 218 1421; x_wconf 82' lang='grc' dir='ltr'><em>οὐ</em></span> <span class='ocrx_word' id='word_1_100' title='bbox 257 1367 509 1437; x_wconf 84' lang='grc' dir='ltr'><em>προσέχω</em></span> <span class='ocrx_word' id='word_1_101' title='bbox 550 1369 647 1421; x_wconf 88' lang='grc' dir='ltr'><em>τὸν</em></span> <span class='ocrx_word' id='word_1_102' title='bbox 686 1377 827 1422; x_wconf 89' lang='grc' dir='ltr'><em>νοῦν</em></span> <span class='ocrx_word' id='word_1_103' title='bbox 867 1369 1078 1436; x_wconf 82' lang='grc' dir='ltr'><em>αὐτοῖς,</em></span> <span class='ocrx_word' id='word_1_104' title='bbox 1120 1369 1368 1438; x_wconf 86' lang='grc' dir='ltr'><em>&lt;χαίρειν</em></span> <span class='ocrx_word' id='word_1_105' title='bbox 1409 1365 1469 1421; x_wconf 92' lang='grc' dir='ltr'><em>δε</em></span> <span class='ocrx_word' id='word_1_106' title='bbox 1506 1369 1764 1433; x_wconf 81' lang='grc' dir='ltr'><em>κελεύω.)</em></span> 
     </span>
    </p>

    <p class='ocr_par' dir='ltr' id='par_1_5' title="bbox 35 1449 1928 1526">
     <span class='ocr_line' id='line_1_17' title="bbox 35 1449 1928 1526; baseline 0.002 -18"><span class='ocrx_word' id='word_1_107' title='bbox 35 1470 106 1503; x_wconf 78' lang='lat' dir='ltr'><em>LX</em></span> <span class='ocrx_word' id='word_1_108' title='bbox 152 1458 266 1509; x_wconf 84' lang='grc' dir='ltr'><em>ἔστι</em></span> <span class='ocrx_word' id='word_1_109' title='bbox 307 1454 367 1509; x_wconf 93' lang='grc' dir='ltr'><em>δε</em></span> <span class='ocrx_word' id='word_1_110' title='bbox 406 1455 494 1509; x_wconf 83' lang='grc' dir='ltr'><em>καὶ</em></span> <span class='ocrx_word' id='word_1_111' title='bbox 536 1458 739 1520; x_wconf 82' lang='grc' dir='ltr'><em>Θασιος</em></span> <span class='ocrx_word' id='word_1_112' title='bbox 777 1460 961 1511; x_wconf 92' lang='grc' dir='ltr'><em>πίνειν</em></span> <span class='ocrx_word' id='word_1_113' title='bbox 1000 1466 1279 1525; x_wconf 79' lang='grc' dir='ltr'><em>γενναῖος,</em></span> <span class='ocrx_word' id='word_1_114' title='bbox 1320 1456 1417 1509; x_wconf 80' lang='grc' dir='ltr'><em>ἐὰν</em></span> <span class='ocrx_word' id='word_1_115' title='bbox 1456 1449 1488 1526; x_wconf 79' lang='grc' dir='ltr'><em>ἦ</em></span> <span class='ocrx_word' id='word_1_116' title='bbox 1852 1474 1928 1513; x_wconf 78' lang='grc'>(60)</span> 
     </span>
    </p>

    <p class='ocr_par' dir='ltr' id='par_1_6' title="bbox 145 1543 1587 1615">
     <span class='ocr_line' id='line_1_18' title="bbox 145 1543 1587 1615; baseline -0.001 -18"><span class='ocrx_word' id='word_1_117' title='bbox 145 1548 374 1608; x_wconf 76' lang='grc' dir='ltr'><em>πολλαῖς</em></span> <span class='ocrx_word' id='word_1_118' title='bbox 413 1547 736 1614; x_wconf 87' lang='grc' dir='ltr'><em>πρεσβεύων</em></span> <span class='ocrx_word' id='word_1_119' title='bbox 776 1545 942 1599; x_wconf 84' lang='grc' dir='ltr'><em>ἐτέων</em></span> <span class='ocrx_word' id='word_1_120' title='bbox 981 1543 1365 1615; x_wconf 81' lang='grc' dir='ltr'><em>περικαλλέσιν</em></span> <span class='ocrx_word' id='word_1_121' title='bbox 1406 1546 1587 1614; x_wconf 82' lang='grc' dir='ltr'><em>ὥραις.</em></span> 
     </span>
    </p>
   </div>
   <div class='ocr_carea' id='block_1_4' title="bbox 146 1665 323 1670">
    <p class='ocr_par' dir='ltr' id='par_1_7' title="bbox 146 1665 323 1670">
     <span class='ocr_line' id='line_1_19' title="bbox 146 1665 323 1670; baseline 0 0"><span class='ocrx_word' id='word_1_122' title='bbox 146 1665 323 1670; x_wconf 95' lang='lat' dir='ltr'><em> </em></span> 
     </span>
    </p>
   </div>
   <div class='ocr_carea' id='block_1_5' title="bbox 329 1666 501 1671">
    <p class='ocr_par' dir='ltr' id='par_1_8' title="bbox 329 1666 501 1671">
     <span class='ocr_line' id='line_1_20' title="bbox 329 1666 501 1671; baseline 0 0"><span class='ocrx_word' id='word_1_123' title='bbox 329 1666 501 1671; x_wconf 95' lang='lat' dir='ltr'><em> </em></span> 
     </span>
    </p>
   </div>
   <div class='ocr_carea' id='block_1_6' title="bbox 837 1683 1152 1717">
    <p class='ocr_par' dir='ltr' id='par_1_9' title="bbox 837 1683 1152 1717">
     <span class='ocr_line' id='line_1_21' title="bbox 837 1683 1152 1717; baseline 0 -1"><span class='ocrx_word' id='word_1_124' title='bbox 837 1683 1152 1717; x_wconf 72' lang='lat' dir='ltr'>TESTIMONIA</span> 
     </span>
    </p>
   </div>
   <div class='ocr_carea' id='block_1_7' title="bbox 147 1749 1838 2382">
    <p class='ocr_par' dir='ltr' id='par_1_10' title="bbox 147 1749 1838 2068">
     <span class='ocr_line' id='line_1_22' title="bbox 255 1749 1832 1821; baseline 0.001 -18"><span class='ocrx_word' id='word_1_125' title='bbox 255 1756 369 1803; x_wconf 92' lang='lat' dir='ltr'><em>LIX</em></span> <span class='ocrx_word' id='word_1_126' title='bbox 430 1757 543 1805; x_wconf 79' lang='lat' dir='ltr'><strong>Ath.</strong></span> <span class='ocrx_word' id='word_1_127' title='bbox 577 1757 601 1803; x_wconf 94' lang='lat' dir='ltr'>I</span> <span class='ocrx_word' id='word_1_128' title='bbox 637 1757 770 1806; x_wconf 85' lang='lat' dir='ltr'>29b:</span> <span class='ocrx_word' id='word_1_129' title='bbox 805 1752 1148 1820; x_wconf 81' lang='grc' dir='ltr'><em>Ἀρχεστράτου</em></span> <span class='ocrx_word' id='word_1_130' title='bbox 1189 1763 1277 1805; x_wconf 85' lang='grc' dir='ltr'><em>τοῦ</em></span> <span class='ocrx_word' id='word_1_131' title='bbox 1318 1755 1639 1821; x_wconf 83' lang='grc' dir='ltr'><em>δειπνολόγου</em></span> <span class='ocrx_word' id='word_1_132' title='bbox 1679 1749 1832 1804; x_wconf 78' lang='grc' dir='ltr'><em>«εἷθ’</em></span> 
     </span>
     <span class='ocr_line' id='line_1_23' title="bbox 148 1833 1837 1899; baseline -0.001 -14"><span class='ocrx_word' id='word_1_133' title='bbox 148 1862 215 1871; x_wconf 94' lang='grc'>-</span> <span class='ocrx_word' id='word_1_134' title='bbox 251 1836 508 1896; x_wconf 76' lang='grc' dir='ltr'><em>αὐτοῖς».</em></span> <span class='ocrx_word' id='word_1_135' title='bbox 595 1838 827 1886; x_wconf 75' lang='lat' dir='ltr'><strong>Eustath.</strong></span> <span class='ocrx_word' id='word_1_136' title='bbox 873 1840 1037 1899; x_wconf 79' lang='lat'>1633,</span> <span class='ocrx_word' id='word_1_137' title='bbox 1079 1839 1170 1886; x_wconf 82' lang='lat'><em>52:</em></span> <span class='ocrx_word' id='word_1_138' title='bbox 1233 1833 1378 1895; x_wconf 71' lang='grc' dir='ltr'><em>ἄλλος</em></span> <span class='ocrx_word' id='word_1_139' title='bbox 1426 1834 1480 1884; x_wconf 81' lang='grc' dir='ltr'><em>δέ</em></span> <span class='ocrx_word' id='word_1_140' title='bbox 1525 1855 1595 1895; x_wconf 87' lang='grc' dir='ltr'><em>τις</em></span> <span class='ocrx_word' id='word_1_141' title='bbox 1641 1833 1737 1899; x_wconf 71' lang='grc' dir='ltr'><em>ἔφη</em></span> <span class='ocrx_word' id='word_1_142' title='bbox 1783 1834 1837 1884; x_wconf 89' lang='grc' dir='ltr'><em>τὸ</em></span> 
     </span>
     <span class='ocr_line' id='line_1_24' title="bbox 147 1914 1838 1987; baseline 0.001 -23"><span class='ocrx_word' id='word_1_143' title='bbox 147 1922 384 1977; x_wconf 74' lang='grc' dir='ltr'><em>«κεῖνος</em></span> <span class='ocrx_word' id='word_1_144' title='bbox 416 1915 476 1966; x_wconf 84' lang='grc' dir='ltr'><em>δὲ</em></span> <span class='ocrx_word' id='word_1_145' title='bbox 509 1917 752 1981; x_wconf 81' lang='grc' dir='ltr'><em>δοκήσει</em></span> <span class='ocrx_word' id='word_1_146' title='bbox 777 1915 906 1968; x_wconf 75' lang='grc' dir='ltr'><em>οὔτι</em></span> <span class='ocrx_word' id='word_1_147' title='bbox 939 1917 1080 1987; x_wconf 82' lang='grc' dir='ltr'><em>οἴνῳ</em></span> <span class='ocrx_word' id='word_1_148' title='bbox 1099 1931 1191 1967; x_wconf 92' lang='grc' dir='ltr'><em>σοι</em></span> <span class='ocrx_word' id='word_1_149' title='bbox 1218 1915 1373 1982; x_wconf 76' lang='grc' dir='ltr'><em>ἔχειν</em></span> <span class='ocrx_word' id='word_1_150' title='bbox 1406 1916 1615 1980; x_wconf 82' lang='grc' dir='ltr'><em>ὅμοιον</em></span> <span class='ocrx_word' id='word_1_151' title='bbox 1639 1914 1838 1982; x_wconf 85' lang='grc' dir='ltr'><em>γέρας,</em></span> 
     </span>
     <span class='ocr_line' id='line_1_25' title="bbox 147 1995 591 2068; baseline 0.005 -21"><span class='ocrx_word' id='word_1_152' title='bbox 147 1996 443 2068; x_wconf 77' lang='grc' dir='ltr'><em>ἀμβροσίᾳ</em></span> <span class='ocrx_word' id='word_1_153' title='bbox 482 1995 591 2049; x_wconf 78' lang='grc' dir='ltr'><em>δέ».</em></span> 
     </span>
    </p>

    <p class='ocr_par' dir='ltr' id='par_1_11' title="bbox 148 2071 1836 2382">
     <span class='ocr_line' id='line_1_26' title="bbox 260 2071 1836 2141; baseline 0.001 -15"><span class='ocrx_word' id='word_1_154' title='bbox 260 2079 348 2126; x_wconf 92' lang='lat' dir='ltr'><em>LX</em></span> <span class='ocrx_word' id='word_1_155' title='bbox 386 2079 506 2128; x_wconf 74' lang='lat' dir='ltr'><strong>Ath.</strong></span> <span class='ocrx_word' id='word_1_156' title='bbox 530 2080 556 2127; x_wconf 93' lang='lat' dir='ltr'>I</span> <span class='ocrx_word' id='word_1_157' title='bbox 581 2082 708 2129; x_wconf 81' lang='lat'><strong>290:</strong></span> <span class='ocrx_word' id='word_1_158' title='bbox 742 2078 898 2128; x_wconf 73' lang='grc' dir='ltr'><em>«ἔστι</em></span> <span class='ocrx_word' id='word_1_159' title='bbox 923 2106 992 2114; x_wconf 93' lang='grc'><strong>-</strong></span> <span class='ocrx_word' id='word_1_160' title='bbox 1019 2077 1272 2137; x_wconf 71' lang='grc' dir='ltr'><em>αὐτοῖς».</em></span> <span class='ocrx_word' id='word_1_161' title='bbox 1313 2071 1722 2141; x_wconf 81' lang='lat' dir='ltr'>Eustath.&#39;1449,</span> <span class='ocrx_word' id='word_1_162' title='bbox 1746 2082 1836 2128; x_wconf 85' lang='lat'><em>14:</em></span> 
     </span>
     <span class='ocr_line' id='line_1_27' title="bbox 149 2150 1835 2228; baseline 0.001 -22"><span class='ocrx_word' id='word_1_163' title='bbox 149 2155 216 2217; x_wconf 83' lang='grc' dir='ltr'><em>ὡς</em></span> <span class='ocrx_word' id='word_1_164' title='bbox 256 2155 309 2207; x_wconf 83' lang='grc' dir='ltr'><em>δὲ</em></span> <span class='ocrx_word' id='word_1_165' title='bbox 347 2156 430 2207; x_wconf 84' lang='grc' dir='ltr'><em>καὶ</em></span> <span class='ocrx_word' id='word_1_166' title='bbox 466 2156 751 2223; x_wconf 81' lang='grc' dir='ltr'><em>παρέφρασέ</em></span> <span class='ocrx_word' id='word_1_167' title='bbox 788 2177 858 2217; x_wconf 84' lang='grc' dir='ltr'><em>τις</em></span> <span class='ocrx_word' id='word_1_168' title='bbox 895 2157 980 2208; x_wconf 87' lang='grc' dir='ltr'><em>τὸν</em></span> <span class='ocrx_word' id='word_1_169' title='bbox 1017 2157 1230 2208; x_wconf 81' lang='grc' dir='ltr'><em>παλαιὸν</em></span> <span class='ocrx_word' id='word_1_170' title='bbox 1268 2152 1409 2208; x_wconf 85' lang='grc' dir='ltr'><em>οἶνον</em></span> <span class='ocrx_word' id='word_1_171' title='bbox 1441 2155 1495 2207; x_wconf 77' lang='grc' dir='ltr'><em>ἐν</em></span> <span class='ocrx_word' id='word_1_172' title='bbox 1524 2161 1592 2227; x_wconf 82' lang='grc' dir='ltr'><em>τῷ</em></span> <span class='ocrx_word' id='word_1_173' title='bbox 1631 2150 1835 2208; x_wconf 49' lang='grc' dir='ltr'><em>«ἄηθ’τ</em></span> <span class='ocrx_word' id='word_1_174' title='bbox 1802 2178 1835 2228; x_wconf 78' lang='grc' dir='ltr'>ῃ</span> 
     </span>
     <span class='ocr_line' id='line_1_28' title="bbox 148 2235 1836 2317; baseline -0.001 -29"><span class='ocrx_word' id='word_1_175' title='bbox 148 2243 397 2298; x_wconf 82' lang='grc' dir='ltr'><em>πολλαῖς</em></span> <span class='ocrx_word' id='word_1_176' title='bbox 434 2238 782 2303; x_wconf 84' lang='grc' dir='ltr'><em>πρεσβεύων</em></span> <span class='ocrx_word' id='word_1_177' title='bbox 813 2235 976 2317; x_wconf 80' lang='grc' dir='ltr'><em>ἑτέρου</em></span> <span class='ocrx_word' id='word_1_178' title='bbox 1002 2237 1143 2287; x_wconf 82' lang='grc' dir='ltr'><em>οἴνου</em></span> <span class='ocrx_word' id='word_1_179' title='bbox 1174 2235 1588 2302; x_wconf 83' lang='grc' dir='ltr'><em>περικαλλέσιν</em></span> <span class='ocrx_word' id='word_1_180' title='bbox 1621 2237 1836 2304; x_wconf 78' lang='grc' dir='ltr'><em>ὥραις»</em></span> 
     </span>
     <span class='ocr_line' id='line_1_29' title="bbox 151 2314 976 2382; baseline 0 -15"><span class='ocrx_word' id='word_1_181' title='bbox 151 2317 231 2367; x_wconf 79' lang='grc' dir='ltr'><em>ἐν</em></span> <span class='ocrx_word' id='word_1_182' title='bbox 228 2322 343 2378; x_wconf 85' lang='grc' dir='ltr'><em>τοῖς</em></span> <span class='ocrx_word' id='word_1_183' title='bbox 380 2325 467 2368; x_wconf 81' lang='grc' dir='ltr'><em>τοῦ</em></span> <span class='ocrx_word' id='word_1_184' title='bbox 500 2314 774 2382; x_wconf 75' lang='grc' dir='ltr'><em>Ἀθηιαίου</em></span> <span class='ocrx_word' id='word_1_185' title='bbox 812 2322 976 2367; x_wconf 86' lang='grc' dir='ltr'><em>κεῖται.</em></span> 
     </span>
    </p>
   </div>
   <div class='ocr_carea' id='block_1_8' title="bbox 152 2436 505 2442">
    <p class='ocr_par' dir='ltr' id='par_1_12' title="bbox 152 2436 505 2442">
     <span class='ocr_line' id='line_1_30' title="bbox 152 2436 505 2442; baseline 0 0"><span class='ocrx_word' id='word_1_186' title='bbox 152 2436 505 2442; x_wconf 95' lang='lat' dir='ltr'><em> </em></span> 
     </span>
    </p>
   </div>
   <div class='ocr_carea' id='block_1_9' title="bbox 0 2451 1837 2964">
    <p class='ocr_par' dir='ltr' id='par_1_13' title="bbox 0 2451 1837 2964">
     <span class='ocr_line' id='line_1_31' title="bbox 0 2451 1277 2501; baseline 0.002 -17"><span class='ocrx_word' id='word_1_187' title='bbox 0 2479 7 2501; x_wconf 65' lang='lat'>‚</span> <span class='ocrx_word' id='word_1_188' title='bbox 713 2451 968 2485; x_wconf 65' lang='lat' dir='ltr'>xAmBTAS</span> <span class='ocrx_word' id='word_1_189' title='bbox 1006 2451 1277 2486; x_wconf 69' lang='lat' dir='ltr'>LEC&#39;HONIS</span> 
     </span>
     <span class='ocr_line' id='line_1_32' title="bbox 0 2509 1835 2568; baseline 0.002 -15"><span class='ocrx_word' id='word_1_190' title='bbox 0 2546 8 2561; x_wconf 73' lang='lat'><em>,</em></span> <span class='ocrx_word' id='word_1_191' title='bbox 268 2509 371 2554; x_wconf 89' lang='lat' dir='ltr'><em>LIX</em></span> <span class='ocrx_word' id='word_1_192' title='bbox 410 2515 436 2554; x_wconf 85' lang='lat'>2</span> <span class='ocrx_word' id='word_1_193' title='bbox 471 2516 857 2567; x_wconf 81' lang='grc' dir='ltr'><em>κρατοφοροῢντα</em></span> <span class='ocrx_word' id='word_1_194' title='bbox 885 2509 985 2565; x_wconf 85' lang='lat' dir='ltr'><em>GE,</em></span> <span class='ocrx_word' id='word_1_195' title='bbox 1017 2509 1217 2555; x_wconf 73' lang='lat' dir='ltr'>correxit</span> <span class='ocrx_word' id='word_1_196' title='bbox 1240 2510 1543 2556; x_wconf 84' lang='lat' dir='ltr'>Casaubonus</span> <span class='ocrx_word' id='word_1_197' title='bbox 1637 2517 1663 2556; x_wconf 88' lang='grc'><strong>3</strong></span> <span class='ocrx_word' id='word_1_198' title='bbox 1687 2511 1835 2568; x_wconf 78' lang='grc' dir='ltr'><em>ὑγρὴν</em></span> 
     </span>
     <span class='ocr_line' id='line_1_33' title="bbox 0 2562 1836 2675; baseline 0.001 -54"><span class='ocrx_word' id='word_1_199' title='bbox 0 2562 12 2675; x_wconf 61' lang='grc' dir='ltr'><strong>ἱ</strong></span> <span class='ocrx_word' id='word_1_200' title='bbox 151 2578 339 2634; x_wconf 73' lang='grc' dir='ltr'><em>χαίτηνε</em></span> <span class='ocrx_word' id='word_1_201' title='bbox 370 2577 491 2633; x_wconf 76' lang='grc' dir='ltr'><em>ὑγρᾶ</em></span> <span class='ocrx_word' id='word_1_202' title='bbox 515 2577 653 2633; x_wconf 83' lang='grc' dir='ltr'><em>χαίτα</em></span> <span class='ocrx_word' id='word_1_203' title='bbox 681 2576 727 2631; x_wconf 83' lang='lat' dir='ltr'><em>G,</em></span> <span class='ocrx_word' id='word_1_204' title='bbox 757 2575 908 2634; x_wconf 80' lang='grc' dir='ltr'><em>ὑγρὰν</em></span> <span class='ocrx_word' id='word_1_205' title='bbox 926 2577 1094 2633; x_wconf 79' lang='grc' dir='ltr'><em>χαίταν</em></span> <span class='ocrx_word' id='word_1_206' title='bbox 1117 2576 1307 2621; x_wconf 82' lang='lat' dir='ltr'>Brunck</span> <span class='ocrx_word' id='word_1_207' title='bbox 1395 2582 1422 2622; x_wconf 84' lang='lat'><strong>5</strong></span> <span class='ocrx_word' id='word_1_208' title='bbox 1456 2574 1602 2634; x_wconf 71' lang='grc' dir='ltr'><em>ἷερῆςε</em></span> <span class='ocrx_word' id='word_1_209' title='bbox 1636 2575 1766 2635; x_wconf 78' lang='grc' dir='ltr'><em>ΐερᾶς</em></span> <span class='ocrx_word' id='word_1_210' title='bbox 1788 2578 1836 2622; x_wconf 84' lang='lat' dir='ltr'><strong><em>A</em></strong></span> 
     </span>
     <span class='ocr_line' id='line_1_34' title="bbox 153 2641 1835 2705; baseline 0.001 -18"><span class='ocrx_word' id='word_1_211' title='bbox 153 2642 344 2703; x_wconf 76' lang='grc' dir='ltr'><em>βύβλων</em></span> <span class='ocrx_word' id='word_1_212' title='bbox 378 2643 482 2700; x_wconf 80' lang='grc' dir='ltr'><em>ΟΕ,</em></span> <span class='ocrx_word' id='word_1_213' title='bbox 515 2656 628 2688; x_wconf 87' lang='lat' dir='ltr'>corr.</span> <span class='ocrx_word' id='word_1_214' title='bbox 660 2642 878 2686; x_wconf 80' lang='lat' dir='ltr'>Musurus</span> <span class='ocrx_word' id='word_1_215' title='bbox 1008 2650 1034 2688; x_wconf 83' lang='lat'><strong>6</strong></span> <span class='ocrx_word' id='word_1_216' title='bbox 1066 2641 1127 2688; x_wconf 73' lang='grc' dir='ltr'><em>ἂν</em></span> <span class='ocrx_word' id='word_1_217' title='bbox 1162 2643 1255 2689; x_wconf 83' lang='grc' dir='ltr'><em>ΟΕ</em></span> <span class='ocrx_word' id='word_1_218' title='bbox 1370 2647 1423 2687; x_wconf 86' lang='grc'><em>11</em></span> <span class='ocrx_word' id='word_1_219' title='bbox 1455 2642 1511 2688; x_wconf 77' lang='grc' dir='ltr'><em>οὕ</em></span> <span class='ocrx_word' id='word_1_220' title='bbox 1541 2645 1592 2687; x_wconf 85' lang='grc' dir='ltr'><em>τί</em></span> <span class='ocrx_word' id='word_1_221' title='bbox 1617 2658 1691 2688; x_wconf 90' lang='grc' dir='ltr'><em>σοι</em></span> <span class='ocrx_word' id='word_1_222' title='bbox 1722 2645 1835 2705; x_wconf 75' lang='grc' dir='ltr'><em>οἴνῳ</em></span> 
     </span>
     <span class='ocr_line' id='line_1_35' title="bbox 0 2699 1837 2788; baseline 0.001 -35"><span class='ocrx_word' id='word_1_223' title='bbox 0 2699 18 2788; x_wconf 56' lang='lat' dir='ltr'>f</span> <span class='ocrx_word' id='word_1_224' title='bbox 152 2708 356 2773; x_wconf 60' lang='lat' dir='ltr'>coniepit</span> <span class='ocrx_word' id='word_1_225' title='bbox 385 2707 599 2753; x_wconf 82' lang='lat' dir='ltr'>Ribbeck</span> <span class='ocrx_word' id='word_1_226' title='bbox 638 2722 695 2752; x_wconf 83' lang='lat' dir='ltr'><em>ex</em></span> <span class='ocrx_word' id='word_1_227' title='bbox 726 2707 978 2754; x_wconf 77' lang='lat' dir='ltr'><strong>Eustathio</strong></span> <span class='ocrx_word' id='word_1_228' title='bbox 1090 2708 1252 2766; x_wconf 81' lang='grc' dir='ltr'><em>ὅμοιον</em></span> <span class='ocrx_word' id='word_1_229' title='bbox 1285 2707 1409 2767; x_wconf 76' lang='grc' dir='ltr'><em>ἔχειν</em></span> <span class='ocrx_word' id='word_1_230' title='bbox 1446 2709 1663 2755; x_wconf 80' lang='lat' dir='ltr'><strong>Meineke</strong></span> <span class='ocrx_word' id='word_1_231' title='bbox 1747 2710 1837 2768; x_wconf 82' lang='grc' dir='ltr'><em>ἀμ-</em></span> 
     </span>
     <span class='ocr_line' id='line_1_36' title="bbox 153 2772 1836 2836; baseline 0 -16"><span class='ocrx_word' id='word_1_232' title='bbox 153 2776 335 2835; x_wconf 64' lang='grc' dir='ltr'><em>βροσίης</em></span> <span class='ocrx_word' id='word_1_233' title='bbox 377 2775 609 2836; x_wconf 80' lang='grc' dir='ltr'><em>ἀμβροσίᾳ</em></span> <span class='ocrx_word' id='word_1_234' title='bbox 639 2775 686 2819; x_wconf 79' lang='grc' dir='ltr'><strong><em>Α</em></strong></span> <span class='ocrx_word' id='word_1_235' title='bbox 821 2779 876 2819; x_wconf 88' lang='lat'><em>14</em></span> <span class='ocrx_word' id='word_1_236' title='bbox 913 2777 1096 2832; x_wconf 79' lang='grc' dir='ltr'><em>χαίρειν</em></span> <span class='ocrx_word' id='word_1_237' title='bbox 1127 2772 1180 2820; x_wconf 74' lang='grc' dir='ltr'><em>δὲ</em></span> <span class='ocrx_word' id='word_1_238' title='bbox 1211 2774 1384 2820; x_wconf 73' lang='grc' dir='ltr'><em>κελεύω</em></span> <span class='ocrx_word' id='word_1_239' title='bbox 1423 2774 1581 2832; x_wconf 74' lang='lat' dir='ltr'><strong>explet</strong></span> <span class='ocrx_word' id='word_1_240' title='bbox 1618 2774 1836 2820; x_wconf 83' lang='lat' dir='ltr'><strong>Meineke</strong></span> 
     </span>
     <span class='ocr_line' id='line_1_37' title="bbox 265 2836 1832 2900; baseline 0.002 -15"><span class='ocrx_word' id='word_1_241' title='bbox 265 2840 410 2887; x_wconf 79' lang='lat' dir='ltr'><strong>LX.2</strong></span> <span class='ocrx_word' id='word_1_242' title='bbox 434 2841 705 2900; x_wconf 81' lang='grc' dir='ltr'><em>πρεσβεύων</em></span> <span class='ocrx_word' id='word_1_243' title='bbox 725 2836 886 2897; x_wconf 75' lang='grc' dir='ltr'><em>ἑτέρου</em></span> <span class='ocrx_word' id='word_1_244' title='bbox 918 2841 1051 2885; x_wconf 77' lang='grc' dir='ltr'><em>οἴνου</em></span> <span class='ocrx_word' id='word_1_245' title='bbox 1073 2838 1398 2896; x_wconf 67' lang='grc' dir='ltr'><em>περικαλλέσιν</em></span> <span class='ocrx_word' id='word_1_246' title='bbox 1431 2841 1525 2887; x_wconf 83' lang='lat' dir='ltr'><em>GE</em></span> <span class='ocrx_word' id='word_1_247' title='bbox 1545 2842 1594 2886; x_wconf 76' lang='lat' dir='ltr'><em>et</em></span> <span class='ocrx_word' id='word_1_248' title='bbox 1615 2840 1832 2888; x_wconf 70' lang='lat' dir='ltr'><strong>Eustath.</strong></span> 
     </span>
     <span class='ocr_line' id='line_1_38' title="bbox 151 2905 1145 2964; baseline 0 -13"><span class='ocrx_word' id='word_1_249' title='bbox 151 2906 253 2963; x_wconf 87' lang='grc'>1.1.,</span> <span class='ocrx_word' id='word_1_250' title='bbox 285 2906 465 2952; x_wconf 84' lang='lat' dir='ltr'>correxi</span> <span class='ocrx_word' id='word_1_251' title='bbox 493 2906 694 2952; x_wconf 76' lang='lat' dir='ltr'>Ptorson</span> <span class='ocrx_word' id='word_1_252' title='bbox 773 2905 1071 2964; x_wconf 76' lang='grc' dir='ltr'><em>περικαλέσιν</em></span> <span class='ocrx_word' id='word_1_253' title='bbox 1106 2906 1145 2952; x_wconf 80' lang='grc' dir='ltr'><em>Ο</em></span> 
     </span>
    </p>
   </div>
  </div>
 </body>
</html>
