<?xml version="1.0" encoding="UTF-8"?>
<!DOCTYPE html PUBLIC "-//W3C//DTD XHTML 1.0 Transitional//EN"
    "http://www.w3.org/TR/xhtml1/DTD/xhtml1-transitional.dtd">
<html xmlns="http://www.w3.org/1999/xhtml" xml:lang="en" lang="en">
 <head>
  <title>
</title>
<meta http-equiv="Content-Type" content="text/html;charset=utf-8" />
  <meta name='ocr-system' content='tesseract 3.04.00' />
  <meta name='ocr-capabilities' content='ocr_page ocr_carea ocr_par ocr_line ocrx_word'/>
</head>
<body>
  <div class='ocr_page' id='page_1' title='image "./corpusculumpoesi01lipsuoft_0048.png"; bbox 0 0 2038 3140; ppageno 0'>
   <div class='ocr_carea' id='block_1_1' title="bbox 882 109 1915 163">
    <p class='ocr_par' dir='ltr' id='par_1_1' title="bbox 882 109 1915 163">
     <span class='ocr_line' id='line_1_1' title="bbox 882 109 1915 163; baseline 0.003 -3"><span class='ocrx_word' id='word_1_1' title='bbox 882 139 943 146; x_wconf 92' lang='grc'>-</span> <span class='ocrx_word' id='word_1_2' title='bbox 1027 109 1098 160; x_wconf 84' lang='grc'>34</span> <span class='ocrx_word' id='word_1_3' title='bbox 1181 138 1242 146; x_wconf 90' lang='grc'><strong>-</strong></span> <span class='ocrx_word' id='word_1_4' title='bbox 1571 127 1915 163; x_wconf 80' lang='lat' dir='ltr'><strong>HIPPONAOTIS</strong></span> 
     </span>
    </p>
   </div>
   <div class='ocr_carea' id='block_1_2' title="bbox 224 243 1919 954">
    <p class='ocr_par' dir='ltr' id='par_1_2' title="bbox 224 243 1916 617">
     <span class='ocr_line' id='line_1_2' title="bbox 226 243 1915 309; baseline 0 -15"><span class='ocrx_word' id='word_1_5' title='bbox 226 247 439 309; x_wconf 81' lang='lat' dir='ltr'>quadam</span> <span class='ocrx_word' id='word_1_6' title='bbox 488 243 826 293; x_wconf 87' lang='lat' dir='ltr'>similitudinis</span> <span class='ocrx_word' id='word_1_7' title='bbox 876 245 1052 292; x_wconf 86' lang='lat' dir='ltr'>ductus</span> <span class='ocrx_word' id='word_1_8' title='bbox 1100 259 1199 292; x_wconf 91' lang='lat' dir='ltr'>non</span> <span class='ocrx_word' id='word_1_9' title='bbox 1254 244 1503 294; x_wconf 83' lang='lat' dir='ltr'>dubitavit</span> <span class='ocrx_word' id='word_1_10' title='bbox 1548 246 1915 307; x_wconf 86' lang='lat' dir='ltr'>Hipponactem</span> 
     </span>
     <span class='ocr_line' id='line_1_3' title="bbox 226 326 1913 390; baseline -0.001 -14"><span class='ocrx_word' id='word_1_11' title='bbox 226 327 459 390; x_wconf 89' lang='lat' dir='ltr'>parodiae</span> <span class='ocrx_word' id='word_1_12' title='bbox 507 327 817 375; x_wconf 86' lang='lat' dir='ltr'>inventorem</span> <span class='ocrx_word' id='word_1_13' title='bbox 865 327 1139 388; x_wconf 87' lang='lat' dir='ltr'>appellare,</span> <span class='ocrx_word' id='word_1_14' title='bbox 1186 326 1273 386; x_wconf 88' lang='lat' dir='ltr'>qui</span> <span class='ocrx_word' id='word_1_15' title='bbox 1317 326 1370 373; x_wconf 90' lang='lat' dir='ltr'>in</span> <span class='ocrx_word' id='word_1_16' title='bbox 1407 328 1659 388; x_wconf 83' lang='lat' dir='ltr'>prooemio</span> <span class='ocrx_word' id='word_1_17' title='bbox 1698 327 1784 375; x_wconf 94' lang='lat' dir='ltr'>illo</span> <span class='ocrx_word' id='word_1_18' title='bbox 1825 327 1913 375; x_wconf 91' lang='lat' dir='ltr'>ho-</span> 
     </span>
     <span class='ocr_line' id='line_1_4' title="bbox 224 405 1915 470; baseline 0.001 -15"><span class='ocrx_word' id='word_1_19' title='bbox 224 409 410 457; x_wconf 87' lang='lat' dir='ltr'>merica</span> <span class='ocrx_word' id='word_1_20' title='bbox 444 407 658 455; x_wconf 74' lang='lat' dir='ltr'>dictione</span> <span class='ocrx_word' id='word_1_21' title='bbox 688 406 872 470; x_wconf 82' lang='lat' dir='ltr'>insigni</span> <span class='ocrx_word' id='word_1_22' title='bbox 905 407 1026 454; x_wconf 86' lang='lat' dir='ltr'>satis</span> <span class='ocrx_word' id='word_1_23' title='bbox 1059 405 1374 468; x_wconf 85' lang='lat' dir='ltr'>intellegitur</span> <span class='ocrx_word' id='word_1_24' title='bbox 1405 410 1510 455; x_wconf 89' lang='lat' dir='ltr'>tam</span> <span class='ocrx_word' id='word_1_25' title='bbox 1541 408 1714 469; x_wconf 88' lang='lat' dir='ltr'>procul</span> <span class='ocrx_word' id='word_1_26' title='bbox 1738 408 1915 456; x_wconf 89' lang='lat' dir='ltr'>abesse</span> 
     </span>
     <span class='ocr_line' id='line_1_5' title="bbox 230 487 1916 550; baseline -0.001 -13"><span class='ocrx_word' id='word_1_27' title='bbox 230 505 259 536; x_wconf 90' lang='lat' dir='ltr'>a</span> <span class='ocrx_word' id='word_1_28' title='bbox 275 489 609 550; x_wconf 71' lang='lat' dir='ltr'>posteriorum</span> <span class='ocrx_word' id='word_1_29' title='bbox 633 487 931 549; x_wconf 87' lang='lat' dir='ltr'>parodorum</span> <span class='ocrx_word' id='word_1_30' title='bbox 955 487 1226 549; x_wconf 70' lang='lat' dir='ltr'>hilaritate,</span> <span class='ocrx_word' id='word_1_31' title='bbox 1252 501 1402 548; x_wconf 89' lang='lat' dir='ltr'>quam</span> <span class='ocrx_word' id='word_1_32' title='bbox 1425 488 1647 548; x_wconf 83' lang='lat' dir='ltr'>proxime</span> <span class='ocrx_word' id='word_1_33' title='bbox 1671 489 1732 535; x_wconf 90' lang='lat' dir='ltr'>ad</span> <span class='ocrx_word' id='word_1_34' title='bbox 1757 487 1916 549; x_wconf 88' lang='lat' dir='ltr'>ipsius</span> 
     </span>
     <span class='ocr_line' id='line_1_6' title="bbox 227 567 1209 617; baseline -0.002 0"><span class='ocrx_word' id='word_1_35' title='bbox 227 568 626 617; x_wconf 88' lang='lat' dir='ltr'>mordacissimos</span> <span class='ocrx_word' id='word_1_36' title='bbox 667 567 856 615; x_wconf 86' lang='lat' dir='ltr'>accedit</span> <span class='ocrx_word' id='word_1_37' title='bbox 894 567 1209 615; x_wconf 86' lang='lat' dir='ltr'>choliambos.</span> 
     </span>
    </p>

    <p class='ocr_par' dir='ltr' id='par_1_3' title="bbox 227 647 1919 954">
     <span class='ocr_line' id='line_1_7' title="bbox 342 647 1916 711; baseline 0.001 -15"><span class='ocrx_word' id='word_1_38' title='bbox 342 649 571 696; x_wconf 85' lang='lat' dir='ltr'>Fuerunt</span> <span class='ocrx_word' id='word_1_39' title='bbox 611 647 763 696; x_wconf 88' lang='lat' dir='ltr'>etiam</span> <span class='ocrx_word' id='word_1_40' title='bbox 803 648 889 710; x_wconf 87' lang='lat' dir='ltr'>qui</span> <span class='ocrx_word' id='word_1_41' title='bbox 928 649 1018 697; x_wconf 91' lang='lat' dir='ltr'>sub</span> <span class='ocrx_word' id='word_1_42' title='bbox 1058 647 1542 711; x_wconf 85' lang='lat' dir='ltr'>Eurymedontiadae</span> <span class='ocrx_word' id='word_1_43' title='bbox 1580 650 1776 698; x_wconf 88' lang='lat' dir='ltr'>nomine</span> <span class='ocrx_word' id='word_1_44' title='bbox 1814 650 1916 697; x_wconf 91' lang='lat' dir='ltr'>Bu-</span> 
     </span>
     <span class='ocr_line' id='line_1_8' title="bbox 228 729 1918 793; baseline 0 -15"><span class='ocrx_word' id='word_1_45' title='bbox 228 731 398 793; x_wconf 83' lang='lat' dir='ltr'>palum</span> <span class='ocrx_word' id='word_1_46' title='bbox 424 730 664 791; x_wconf 89' lang='lat' dir='ltr'>pictorem</span> <span class='ocrx_word' id='word_1_47' title='bbox 687 729 846 777; x_wconf 87' lang='lat' dir='ltr'>latere</span> <span class='ocrx_word' id='word_1_48' title='bbox 872 730 1152 778; x_wconf 87' lang='lat' dir='ltr'>conicerent</span> <span class='ocrx_word' id='word_1_49' title='bbox 1177 730 1388 778; x_wconf 88' lang='lat' dir='ltr'>eundem</span> <span class='ocrx_word' id='word_1_50' title='bbox 1414 746 1561 792; x_wconf 90' lang='lat' dir='ltr'>quem</span> <span class='ocrx_word' id='word_1_51' title='bbox 1584 733 1643 779; x_wconf 92' lang='lat' dir='ltr'>ut</span> <span class='ocrx_word' id='word_1_52' title='bbox 1667 730 1918 779; x_wconf 88' lang='lat' dir='ltr'>hominem</span> 
     </span>
     <span class='ocr_line' id='line_1_9' title="bbox 227 804 1918 877; baseline 0 -18"><span class='ocrx_word' id='word_1_53' title='bbox 227 810 651 873; x_wconf 87' lang='lat' dir='ltr'>improbissimum</span> <span class='ocrx_word' id='word_1_54' title='bbox 692 810 1025 859; x_wconf 82' lang='lat' dir='ltr'>acerbissimis</span> <span class='ocrx_word' id='word_1_55' title='bbox 1066 811 1356 860; x_wconf 88' lang='lat' dir='ltr'>choliambis</span> <span class='ocrx_word' id='word_1_56' title='bbox 1395 814 1544 872; x_wconf 89' lang='lat' dir='ltr'>poeta</span> <span class='ocrx_word' id='word_1_57' title='bbox 1574 812 1859 860; x_wconf 86' lang='lat' dir='ltr'>insectatur.</span> <span class='ocrx_word' id='word_1_58' title='bbox 1874 804 1918 877; x_wconf 88' lang='lat' dir='ltr'>l)</span> 
     </span>
     <span class='ocr_line' id='line_1_10' title="bbox 229 891 1919 954; baseline 0.001 -16"><span class='ocrx_word' id='word_1_59' title='bbox 229 892 300 939; x_wconf 92' lang='lat' dir='ltr'>At</span> <span class='ocrx_word' id='word_1_60' title='bbox 331 892 417 939; x_wconf 88' lang='lat' dir='ltr'>ille</span> <span class='ocrx_word' id='word_1_61' title='bbox 449 891 583 939; x_wconf 89' lang='lat' dir='ltr'>filius</span> <span class='ocrx_word' id='word_1_62' title='bbox 615 891 870 939; x_wconf 77' lang='lat' dir='ltr'>Archermi</span> <span class='ocrx_word' id='word_1_63' title='bbox 901 893 991 953; x_wconf 90' lang='lat' dir='ltr'>est,</span> <span class='ocrx_word' id='word_1_64' title='bbox 1029 891 1109 940; x_wconf 89' lang='lat' dir='ltr'>hic</span> <span class='ocrx_word' id='word_1_65' title='bbox 1140 892 1625 954; x_wconf 87' lang='lat' dir='ltr'>Eurymedontiades</span> <span class='ocrx_word' id='word_1_66' title='bbox 1659 892 1799 940; x_wconf 87' lang='lat' dir='ltr'>audit</span> <span class='ocrx_word' id='word_1_67' title='bbox 1829 907 1919 940; x_wconf 86' lang='lat' dir='ltr'>nec</span> 
     </span>
    </p>
   </div>
   <div class='ocr_carea' id='block_1_3' title="bbox 226 972 1925 1681">
    <p class='ocr_par' dir='ltr' id='par_1_4' title="bbox 226 972 1918 1117">
     <span class='ocr_line' id='line_1_11' title="bbox 226 972 1918 1035; baseline 0 -15"><span class='ocrx_word' id='word_1_68' title='bbox 226 975 391 1034; x_wconf 88' lang='lat' dir='ltr'>potest</span> <span class='ocrx_word' id='word_1_69' title='bbox 416 972 544 1020; x_wconf 86' lang='lat' dir='ltr'>ratio</span> <span class='ocrx_word' id='word_1_70' title='bbox 577 972 851 1034; x_wconf 86' lang='lat' dir='ltr'>probabilis</span> <span class='ocrx_word' id='word_1_71' title='bbox 884 972 1168 1034; x_wconf 83' lang='lat' dir='ltr'>excogitari,</span> <span class='ocrx_word' id='word_1_72' title='bbox 1202 989 1289 1021; x_wconf 91' lang='lat' dir='ltr'>cur</span> <span class='ocrx_word' id='word_1_73' title='bbox 1319 977 1468 1035; x_wconf 88' lang='lat' dir='ltr'>poeta</span> <span class='ocrx_word' id='word_1_74' title='bbox 1497 973 1641 1020; x_wconf 88' lang='lat' dir='ltr'>illum</span> <span class='ocrx_word' id='word_1_75' title='bbox 1670 988 1768 1021; x_wconf 90' lang='lat' dir='ltr'>non</span> <span class='ocrx_word' id='word_1_76' title='bbox 1799 987 1918 1022; x_wconf 86' lang='lat' dir='ltr'>vero</span> 
     </span>
     <span class='ocr_line' id='line_1_12' title="bbox 229 1045 1087 1117; baseline 0 -17"><span class='ocrx_word' id='word_1_77' title='bbox 229 1053 387 1115; x_wconf 86' lang='lat' dir='ltr'>patris</span> <span class='ocrx_word' id='word_1_78' title='bbox 426 1053 625 1101; x_wconf 90' lang='lat' dir='ltr'>nomine</span> <span class='ocrx_word' id='word_1_79' title='bbox 666 1053 1033 1114; x_wconf 84' lang='lat' dir='ltr'>significaverit.</span> <span class='ocrx_word' id='word_1_80' title='bbox 1046 1045 1087 1117; x_wconf 78' lang='grc'>2)</span> 
     </span>
    </p>

    <p class='ocr_par' dir='ltr' id='par_1_5' title="bbox 230 1133 1925 1681">
     <span class='ocr_line' id='line_1_13' title="bbox 344 1133 1919 1197; baseline 0.001 -16"><span class='ocrx_word' id='word_1_81' title='bbox 344 1134 542 1182; x_wconf 86' lang='lat' dir='ltr'>Titulus</span> <span class='ocrx_word' id='word_1_82' title='bbox 591 1133 823 1181; x_wconf 89' lang='lat' dir='ltr'>carminis</span> <span class='ocrx_word' id='word_1_83' title='bbox 873 1133 1011 1181; x_wconf 88' lang='lat' dir='ltr'>cuius</span> <span class='ocrx_word' id='word_1_84' title='bbox 1061 1135 1224 1181; x_wconf 82' lang='lat' dir='ltr'>exstat</span> <span class='ocrx_word' id='word_1_85' title='bbox 1270 1136 1779 1197; x_wconf 78' lang='lat' dir='ltr'>prooemiumneque</span> <span class='ocrx_word' id='word_1_86' title='bbox 1818 1138 1919 1183; x_wconf 82' lang='lat' dir='ltr'>tra—</span> 
     </span>
     <span class='ocr_line' id='line_1_14' title="bbox 237 1214 1922 1278; baseline 0.001 -16"><span class='ocrx_word' id='word_1_87' title='bbox 237 1215 372 1264; x_wconf 90' lang='lat' dir='ltr'>ditus</span> <span class='ocrx_word' id='word_1_88' title='bbox 416 1217 493 1262; x_wconf 90' lang='lat' dir='ltr'>est</span> <span class='ocrx_word' id='word_1_89' title='bbox 532 1230 691 1276; x_wconf 86' lang='lat' dir='ltr'>neque</span> <span class='ocrx_word' id='word_1_90' title='bbox 733 1214 931 1262; x_wconf 90' lang='lat' dir='ltr'>omnino</span> <span class='ocrx_word' id='word_1_91' title='bbox 970 1214 1127 1261; x_wconf 86' lang='lat' dir='ltr'>fuisse</span> <span class='ocrx_word' id='word_1_92' title='bbox 1169 1214 1388 1278; x_wconf 83' lang='lat' dir='ltr'>videtur3</span> <span class='ocrx_word' id='word_1_93' title='bbox 1442 1215 1723 1264; x_wconf 89' lang='lat' dir='ltr'>Polemonis</span> <span class='ocrx_word' id='word_1_94' title='bbox 1769 1217 1922 1265; x_wconf 84' lang='lat' dir='ltr'>verba</span> 
     </span>
     <span class='ocr_line' id='line_1_15' title="bbox 239 1288 1922 1360; baseline 0.001 -17"><span class='ocrx_word' id='word_1_95' title='bbox 239 1293 292 1343; x_wconf 79' lang='grc' dir='ltr'>ἐν</span> <span class='ocrx_word' id='word_1_96' title='bbox 332 1298 433 1353; x_wconf 84' lang='grc' dir='ltr'><strong><em>τοῖς</em></strong></span> <span class='ocrx_word' id='word_1_97' title='bbox 472 1288 798 1360; x_wconf 54' lang='grc' dir='ltr'><strong><em>ἓξαμέτροιςῖ)</em></strong></span> <span class='ocrx_word' id='word_1_98' title='bbox 837 1295 963 1343; x_wconf 90' lang='lat' dir='ltr'>nihil</span> <span class='ocrx_word' id='word_1_99' title='bbox 1001 1297 1254 1343; x_wconf 71' lang='lat' dir='ltr'>testantur</span> <span class='ocrx_word' id='word_1_100' title='bbox 1290 1296 1387 1344; x_wconf 86' lang='lat' dir='ltr'>nisi</span> <span class='ocrx_word' id='word_1_101' title='bbox 1426 1295 1533 1359; x_wconf 82' lang='lat' dir='ltr'>hoc,</span> <span class='ocrx_word' id='word_1_102' title='bbox 1570 1297 1922 1359; x_wconf 85' lang='lat' dir='ltr'>grammaticos</span> 
     </span>
     <span class='ocr_line' id='line_1_16' title="bbox 230 1376 1923 1439; baseline 0.001 -15"><span class='ocrx_word' id='word_1_103' title='bbox 230 1378 318 1426; x_wconf 89' lang='lat' dir='ltr'>illo</span> <span class='ocrx_word' id='word_1_104' title='bbox 365 1377 519 1425; x_wconf 91' lang='lat' dir='ltr'>titulo</span> <span class='ocrx_word' id='word_1_105' title='bbox 569 1392 628 1424; x_wconf 87' lang='lat' dir='ltr'>ea</span> <span class='ocrx_word' id='word_1_106' title='bbox 671 1391 798 1438; x_wconf 85' lang='lat' dir='ltr'>quae</span> <span class='ocrx_word' id='word_1_107' title='bbox 837 1376 1034 1424; x_wconf 90' lang='lat' dir='ltr'>heroico</span> <span class='ocrx_word' id='word_1_108' title='bbox 1073 1379 1233 1424; x_wconf 87' lang='lat' dir='ltr'>metro</span> <span class='ocrx_word' id='word_1_109' title='bbox 1273 1377 1536 1439; x_wconf 80' lang='lat' dir='ltr'>Hipponax</span> <span class='ocrx_word' id='word_1_110' title='bbox 1575 1382 1923 1439; x_wconf 85' lang='lat' dir='ltr'>composuerat</span> 
     </span>
     <span class='ocr_line' id='line_1_17' title="bbox 232 1455 1925 1521; baseline 0 -15"><span class='ocrx_word' id='word_1_111' title='bbox 232 1457 295 1506; x_wconf 88' lang='lat' dir='ltr'>ab</span> <span class='ocrx_word' id='word_1_112' title='bbox 328 1457 540 1506; x_wconf 87' lang='lat' dir='ltr'>iambica</span> <span class='ocrx_word' id='word_1_113' title='bbox 572 1456 678 1505; x_wconf 89' lang='lat' dir='ltr'>eius</span> <span class='ocrx_word' id='word_1_114' title='bbox 708 1457 848 1518; x_wconf 89' lang='lat' dir='ltr'>poesi</span> <span class='ocrx_word' id='word_1_115' title='bbox 873 1455 1178 1520; x_wconf 80' lang='lat' dir='ltr'>distinxisse3</span> <span class='ocrx_word' id='word_1_116' title='bbox 1211 1459 1453 1520; x_wconf 86' lang='lat' dir='ltr'>quantum</span> <span class='ocrx_word' id='word_1_117' title='bbox 1485 1458 1537 1505; x_wconf 90' lang='lat' dir='ltr'>in</span> <span class='ocrx_word' id='word_1_118' title='bbox 1565 1458 1665 1506; x_wconf 89' lang='lat' dir='ltr'>illis</span> <span class='ocrx_word' id='word_1_119' title='bbox 1689 1459 1925 1521; x_wconf 86' lang='lat' dir='ltr'>parodica</span> 
     </span>
     <span class='ocr_line' id='line_1_18' title="bbox 232 1533 1923 1605; baseline 0.001 -18"><span class='ocrx_word' id='word_1_120' title='bbox 232 1538 361 1587; x_wconf 84' lang='lat' dir='ltr'>ratio</span> <span class='ocrx_word' id='word_1_121' title='bbox 387 1553 447 1586; x_wconf 90' lang='lat' dir='ltr'>ea</span> <span class='ocrx_word' id='word_1_122' title='bbox 471 1553 619 1600; x_wconf 88' lang='lat' dir='ltr'>quam</span> <span class='ocrx_word' id='word_1_123' title='bbox 644 1552 797 1599; x_wconf 87' lang='lat' dir='ltr'>supra</span> <span class='ocrx_word' id='word_1_124' title='bbox 821 1537 1226 1587; x_wconf 86' lang='lat' dir='ltr'>adumbravimus</span> <span class='ocrx_word' id='word_1_125' title='bbox 1252 1538 1523 1587; x_wconf 88' lang='lat' dir='ltr'>obtinuerit</span> <span class='ocrx_word' id='word_1_126' title='bbox 1553 1539 1649 1588; x_wconf 90' lang='lat' dir='ltr'>dici</span> <span class='ocrx_word' id='word_1_127' title='bbox 1672 1539 1847 1602; x_wconf 88' lang='lat' dir='ltr'>nequit</span> <span class='ocrx_word' id='word_1_128' title='bbox 1857 1533 1923 1605; x_wconf 78' lang='lat'>3):</span> 
     </span>
     <span class='ocr_line' id='line_1_19' title="bbox 231 1618 1885 1681; baseline 0 -13"><span class='ocrx_word' id='word_1_129' title='bbox 231 1635 414 1670; x_wconf 88' lang='lat' dir='ltr'>nomen</span> <span class='ocrx_word' id='word_1_130' title='bbox 453 1621 588 1668; x_wconf 89' lang='lat' dir='ltr'>certe</span> <span class='ocrx_word' id='word_1_131' title='bbox 626 1618 861 1680; x_wconf 87' lang='lat' dir='ltr'>parodiae</span> <span class='ocrx_word' id='word_1_132' title='bbox 901 1619 962 1667; x_wconf 91' lang='lat' dir='ltr'>ab</span> <span class='ocrx_word' id='word_1_133' title='bbox 1003 1618 1330 1681; x_wconf 88' lang='lat' dir='ltr'>Hipponactis</span> <span class='ocrx_word' id='word_1_134' title='bbox 1370 1621 1533 1668; x_wconf 84' lang='lat' dir='ltr'>aetate</span> <span class='ocrx_word' id='word_1_135' title='bbox 1575 1619 1738 1668; x_wconf 83' lang='lat' dir='ltr'>aliena</span> <span class='ocrx_word' id='word_1_136' title='bbox 1775 1621 1885 1668; x_wconf 87' lang='lat' dir='ltr'>fuit.</span> 
     </span>
    </p>
   </div>
   <div class='ocr_carea' id='block_1_4' title="bbox 236 1736 590 1742">
    <p class='ocr_par' dir='ltr' id='par_1_6' title="bbox 236 1736 590 1742">
     <span class='ocr_line' id='line_1_20' title="bbox 236 1736 590 1742; baseline 0 0"><span class='ocrx_word' id='word_1_137' title='bbox 236 1736 590 1742; x_wconf 95' lang='lat' dir='ltr'> </span> 
     </span>
    </p>
   </div>
   <div class='ocr_carea' id='block_1_5' title="bbox 235 1787 1928 2374">
    <p class='ocr_par' dir='ltr' id='par_1_7' title="bbox 359 1787 1745 1846">
     <span class='ocr_line' id='line_1_21' title="bbox 359 1787 1745 1846; baseline 0.001 -12"><span class='ocrx_word' id='word_1_138' title='bbox 359 1792 402 1846; x_wconf 90' lang='lat'>1)</span> <span class='ocrx_word' id='word_1_139' title='bbox 435 1788 746 1834; x_wconf 85' lang='lat' dir='ltr'>Tenbrinkius</span> <span class='ocrx_word' id='word_1_140' title='bbox 778 1787 947 1832; x_wconf 87' lang='lat' dir='ltr'>Philol.</span> <span class='ocrx_word' id='word_1_141' title='bbox 979 1788 1044 1833; x_wconf 89' lang='lat' dir='ltr'>VI</span> <span class='ocrx_word' id='word_1_142' title='bbox 1075 1803 1120 1844; x_wconf 87' lang='lat' dir='ltr'>p.</span> <span class='ocrx_word' id='word_1_143' title='bbox 1148 1792 1202 1832; x_wconf 83' lang='lat'>57</span> <span class='ocrx_word' id='word_1_144' title='bbox 1222 1803 1304 1845; x_wconf 87' lang='lat' dir='ltr'>sq.‚</span> <span class='ocrx_word' id='word_1_145' title='bbox 1335 1789 1573 1834; x_wconf 86' lang='lat' dir='ltr'>Peltzerus</span> <span class='ocrx_word' id='word_1_146' title='bbox 1604 1804 1649 1846; x_wconf 84' lang='lat' dir='ltr'>p.</span> <span class='ocrx_word' id='word_1_147' title='bbox 1675 1795 1745 1835; x_wconf 81' lang='lat'>26.</span> 
     </span>
    </p>

    <p class='ocr_par' dir='ltr' id='par_1_8' title="bbox 235 1853 1928 2230">
     <span class='ocr_line' id='line_1_22' title="bbox 361 1853 1928 1913; baseline 0.001 -14"><span class='ocrx_word' id='word_1_148' title='bbox 361 1857 407 1912; x_wconf 84' lang='lat'>2)</span> <span class='ocrx_word' id='word_1_149' title='bbox 439 1855 677 1899; x_wconf 83' lang='lat' dir='ltr'>Peltzerus</span> <span class='ocrx_word' id='word_1_150' title='bbox 717 1853 863 1898; x_wconf 88' lang='lat' dir='ltr'>etiam</span> <span class='ocrx_word' id='word_1_151' title='bbox 901 1855 1118 1910; x_wconf 87' lang='lat' dir='ltr'>apertum</span> <span class='ocrx_word' id='word_1_152' title='bbox 1158 1867 1260 1898; x_wconf 87' lang='lat' dir='ltr'>esse</span> <span class='ocrx_word' id='word_1_153' title='bbox 1300 1854 1388 1911; x_wconf 82' lang='lat' dir='ltr'>ait,</span> <span class='ocrx_word' id='word_1_154' title='bbox 1429 1870 1510 1900; x_wconf 89' lang='lat' dir='ltr'>cur</span> <span class='ocrx_word' id='word_1_155' title='bbox 1539 1856 1746 1913; x_wconf 85' lang='lat' dir='ltr'>Bupalos</span> <span class='ocrx_word' id='word_1_156' title='bbox 1777 1856 1928 1913; x_wconf 88' lang='lat' dir='ltr'>Eury-</span> 
     </span>
     <span class='ocr_line' id='line_1_23' title="bbox 237 1919 1927 1978; baseline 0 -12"><span class='ocrx_word' id='word_1_157' title='bbox 237 1921 565 1966; x_wconf 83' lang='lat' dir='ltr'>medontiades</span> <span class='ocrx_word' id='word_1_158' title='bbox 593 1919 859 1977; x_wconf 85' lang='lat' dir='ltr'>appellatus</span> <span class='ocrx_word' id='word_1_159' title='bbox 885 1919 967 1975; x_wconf 78' lang='lat' dir='ltr'>sit3</span> <span class='ocrx_word' id='word_1_160' title='bbox 999 1919 1395 1976; x_wconf 82' lang='lat' dir='ltr'>Eurymedontem</span> <span class='ocrx_word' id='word_1_161' title='bbox 1411 1921 1536 1965; x_wconf 84' lang='lat' dir='ltr'>enim</span> <span class='ocrx_word' id='word_1_162' title='bbox 1553 1935 1654 1966; x_wconf 81' lang='lat' dir='ltr'>esse</span> <span class='ocrx_word' id='word_1_163' title='bbox 1671 1921 1927 1978; x_wconf 82' lang='lat' dir='ltr'>Gigantum</span> 
     </span>
     <span class='ocr_line' id='line_1_24' title="bbox 235 1984 1926 2044; baseline 0 -13"><span class='ocrx_word' id='word_1_164' title='bbox 235 1989 479 2044; x_wconf 85' lang='lat' dir='ltr'>patrem,</span> <span class='ocrx_word' id='word_1_165' title='bbox 527 1999 670 2043; x_wconf 85' lang='lat' dir='ltr'>quare</span> <span class='ocrx_word' id='word_1_166' title='bbox 720 1984 961 2042; x_wconf 87' lang='lat' dir='ltr'>aptissime</span> <span class='ocrx_word' id='word_1_167' title='bbox 999 1986 1236 2031; x_wconf 86' lang='lat' dir='ltr'>hominem</span> <span class='ocrx_word' id='word_1_168' title='bbox 1273 1986 1627 2031; x_wconf 82' lang='lat' dir='ltr'>voracissimum</span> <span class='ocrx_word' id='word_1_169' title='bbox 1659 2001 1763 2031; x_wconf 85' lang='lat' dir='ltr'>cum</span> <span class='ocrx_word' id='word_1_170' title='bbox 1794 1987 1926 2044; x_wconf 89' lang='lat' dir='ltr'>prole</span> 
     </span>
     <span class='ocr_line' id='line_1_25' title="bbox 239 2050 1927 2110; baseline 0 -13"><span class='ocrx_word' id='word_1_171' title='bbox 239 2052 338 2098; x_wconf 84' lang='lat' dir='ltr'>eius</span> <span class='ocrx_word' id='word_1_172' title='bbox 380 2050 656 2108; x_wconf 86' lang='lat' dir='ltr'>comparari.</span> <span class='ocrx_word' id='word_1_173' title='bbox 719 2051 784 2094; x_wconf 90' lang='lat' dir='ltr'>At</span> <span class='ocrx_word' id='word_1_174' title='bbox 822 2065 940 2095; x_wconf 89' lang='lat' dir='ltr'>unus</span> <span class='ocrx_word' id='word_1_175' title='bbox 981 2051 1170 2097; x_wconf 89' lang='lat' dir='ltr'>omnino</span> <span class='ocrx_word' id='word_1_176' title='bbox 1203 2053 1275 2096; x_wconf 87' lang='lat' dir='ltr'>est</span> <span class='ocrx_word' id='word_1_177' title='bbox 1311 2052 1440 2097; x_wconf 86' lang='lat' dir='ltr'>locus</span> <span class='ocrx_word' id='word_1_178' title='bbox 1472 2070 1500 2109; x_wconf 84' lang='grc' dir='ltr'>η</span> <span class='ocrx_word' id='word_1_179' title='bbox 1528 2058 1603 2108; x_wconf 84' lang='grc'>58,</span> <span class='ocrx_word' id='word_1_180' title='bbox 1653 2053 1735 2097; x_wconf 89' lang='lat' dir='ltr'>ubi</span> <span class='ocrx_word' id='word_1_181' title='bbox 1765 2053 1927 2110; x_wconf 87' lang='lat' dir='ltr'>prodit</span> 
     </span>
     <span class='ocr_line' id='line_1_26' title="bbox 239 2115 1926 2176; baseline -0.001 -13"><span class='ocrx_word' id='word_1_182' title='bbox 239 2118 537 2175; x_wconf 82' lang='lat' dir='ltr'>Eurymedon</span> <span class='ocrx_word' id='word_1_183' title='bbox 579 2130 677 2160; x_wconf 85' lang='lat' dir='ltr'>rex</span> <span class='ocrx_word' id='word_1_184' title='bbox 716 2115 991 2174; x_wconf 83' lang='lat' dir='ltr'>Gigantum3</span> <span class='ocrx_word' id='word_1_185' title='bbox 1042 2118 1150 2162; x_wconf 87' lang='lat' dir='ltr'>dein</span> <span class='ocrx_word' id='word_1_186' title='bbox 1188 2117 1300 2174; x_wconf 86' lang='lat' dir='ltr'>quid</span> <span class='ocrx_word' id='word_1_187' title='bbox 1339 2132 1510 2174; x_wconf 87' lang='lat' dir='ltr'>quaeso</span> <span class='ocrx_word' id='word_1_188' title='bbox 1549 2119 1618 2163; x_wconf 90' lang='lat' dir='ltr'>rei</span> <span class='ocrx_word' id='word_1_189' title='bbox 1649 2121 1722 2163; x_wconf 86' lang='lat' dir='ltr'>est</span> <span class='ocrx_word' id='word_1_190' title='bbox 1752 2118 1926 2176; x_wconf 81' lang='lat' dir='ltr'>Gigan-</span> 
     </span>
     <span class='ocr_line' id='line_1_27' title="bbox 236 2182 862 2230; baseline -0.003 -2"><span class='ocrx_word' id='word_1_191' title='bbox 236 2184 365 2229; x_wconf 86' lang='lat' dir='ltr'>tibus</span> <span class='ocrx_word' id='word_1_192' title='bbox 397 2198 503 2230; x_wconf 88' lang='lat' dir='ltr'>cum</span> <span class='ocrx_word' id='word_1_193' title='bbox 532 2182 862 2228; x_wconf 82' lang='lat' dir='ltr'>helluonibus?</span> 
     </span>
    </p>

    <p class='ocr_par' dir='ltr' id='par_1_9' title="bbox 239 2245 1928 2374">
     <span class='ocr_line' id='line_1_28' title="bbox 359 2245 1928 2308; baseline -0.001 -13"><span class='ocrx_word' id='word_1_194' title='bbox 359 2253 404 2308; x_wconf 89' lang='lat'>3)</span> <span class='ocrx_word' id='word_1_195' title='bbox 446 2247 496 2295; x_wconf 78' lang='grc' dir='ltr'>ἐν</span> <span class='ocrx_word' id='word_1_196' title='bbox 528 2248 720 2302; x_wconf 84' lang='grc' dir='ltr'><strong><em>τόνοις</em></strong></span> <span class='ocrx_word' id='word_1_197' title='bbox 760 2245 1027 2308; x_wconf 74' lang='grc' dir='ltr'><em>ἑξαμέτροις</em></span> <span class='ocrx_word' id='word_1_198' title='bbox 1064 2250 1266 2295; x_wconf 88' lang='lat' dir='ltr'>coniecit</span> <span class='ocrx_word' id='word_1_199' title='bbox 1295 2250 1556 2295; x_wconf 85' lang='lat' dir='ltr'>Meinekius</span> <span class='ocrx_word' id='word_1_200' title='bbox 1591 2250 1666 2294; x_wconf 89' lang='lat' dir='ltr'>cui</span> <span class='ocrx_word' id='word_1_201' title='bbox 1696 2250 1928 2308; x_wconf 83' lang='lat' dir='ltr'>Bergkius</span> 
     </span>
     <span class='ocr_line' id='line_1_29' title="bbox 239 2315 1926 2374; baseline -0.001 -14"><span class='ocrx_word' id='word_1_202' title='bbox 239 2315 486 2374; x_wconf 84' lang='lat' dir='ltr'>respondit</span> <span class='ocrx_word' id='word_1_203' title='bbox 503 2315 737 2360; x_wconf 86' lang='lat' dir='ltr'>offendere</span> <span class='ocrx_word' id='word_1_204' title='bbox 762 2317 993 2373; x_wconf 88' lang='lat' dir='ltr'>pluralem</span> <span class='ocrx_word' id='word_1_205' title='bbox 1014 2330 1271 2373; x_wconf 88' lang='lat' dir='ltr'>numerum,</span> <span class='ocrx_word' id='word_1_206' title='bbox 1297 2331 1388 2373; x_wconf 87' lang='lat' dir='ltr'>quo</span> <span class='ocrx_word' id='word_1_207' title='bbox 1413 2316 1581 2361; x_wconf 85' lang='lat' dir='ltr'>Suidas</span> <span class='ocrx_word' id='word_1_208' title='bbox 1608 2316 1734 2361; x_wconf 83' lang='lat' dir='ltr'>solus</span> <span class='ocrx_word' id='word_1_209' title='bbox 1751 2318 1926 2360; x_wconf 87' lang='lat' dir='ltr'>utatur.</span> 
     </span>
    </p>
   </div>
  </div>
 </body>
</html>
