2038 3140
0 2610 8 2673 ἑ

0 2677 5 2692 ,

95 133 437 168 INCERTORVM
468 133 661 167 FRAGM.
764 144 832 151 —
911 114 979 166 97
1060 144 1126 150 —

913 274 967 326 II

764 383 1120 416 FRAGMENTVM

172 454 381 521 πλήρης
422 448 524 519 μὲν
565 449 820 520 λαχάνων
860 451 1059 520 ἀγορή,
1108 453 1319 519 πλήρης
1359 448 1420 503 δὲ
1458 449 1548 503 καὶ
1588 452 1785 521 ἄρτων.

613 589 813 623 HOMERI
845 586 1042 622 SIMILES
1076 587 1268 622 VERSVS

215 656 377 699 πλεῖαί
403 671 473 699 τοι
505 658 678 711 χαλκοῦ
712 656 903 710 κλισίαι,
936 653 1103 698 πολλαὶ
1135 651 1185 697 δὲ
1218 659 1437 710 γυναῖκες
1469 650 1559 699 κτὲ.
1594 659 1733 700 Β226

218 721 419 766 εἰδώλων
454 719 504 765 δὲ
537 719 679 765 πλέον
711 719 971 778 πρόθυρον,
1002 721 1135 776 πλείη
1170 717 1222 764 δὲ
1255 719 1336 764 καὶ
1369 720 1486 776 αὐλή
1519 727 1650 766 ν355

767 844 1120 878 TESTIMONIVM

210 920 324 968 Ath.
361 919 432 966 VI
467 921 633 967 2700:
681 915 804 982 πρὸς
849 914 907 965 ὃν
948 913 973 964 ὁ
1018 914 1299 978 Οὐλπιανὸς
1345 915 1425 967 ἀεί
1458 935 1573 967 ποτε
1613 918 1787 968 διαπο-

96 1004 257 1063 λεμῶν
298 997 415 1063 ἔφη·
459 1002 691 1048 «πλεῖαι
718 1024 781 1032 -
811 994 1052 1062 ἄρτων».

903 1212 985 1265 ΠΙ

212 1309 350 1356 Duos
390 1323 564 1357 versus
603 1306 860 1369 parodieos
901 1307 1007 1355 sine
1046 1307 1262 1356 auctoris
1302 1307 1500 1356 nomine
1541 1308 1602 1356 ab
1635 1307 1791 1357 Athe·

98 1405 221 1438 naeo
262 1389 334 1436 VI
382 1407 428 1451 p.
472 1391 619 1436 2703
670 1388 856 1436 relatos
903 1390 1110 1449 propter
1155 1389 1307 1437 verba
1353 1390 1500 1450 paulo
1548 1389 1680 1437 infra
1727 1389 1788 1437 ab

98 1470 359 1518 Athenaeo
401 1469 622 1517 exhibita
662 1463 730 1532 (p.
759 1463 928 1534 271a)
969 1468 1088 1516 <<δεῖ
1118 1460 1211 1517 οὖν
1248 1466 1371 1532 κάμὲ
1410 1467 1531 1517 κατὰ
1570 1466 1654 1517 τὸν
1692 1487 1791 1517 κω-

69 1558 77 1564 ·
99 1548 244 1614 μικὸν
282 1553 352 1598 M
355 1568 376 1599 ε
387 1546 641 1614 ταγένην
681 1547 940 1597 ἐπειπόντα

323 1625 392 1689 εἷς
431 1629 608 1690 οἰωνὸς
647 1627 841 1695 ἄριστος
879 1628 1162 1694 ἀμύνεσθαι
1198 1629 1309 1695 περὶ
1348 1631 1552 1680 δείπνου

99 1711 440 1761 τετλάναι»
492 1707 577 1778 (cf.
615 1708 877 1760 τέτλαθι
924 1707 986 1773 δὴ
1037 1728 1083 1760 v.
1128 1715 1152 1759 1
1206 1705 1497 1777 fragmenti)
1546 1711 1793 1775 Schweig-

99 1795 372 1842 haeuserus
387 1793 692 1842 Fritzschius
706 1792 955 1855 Bergkius
974 1793 1025 1839 M
1036 1808 1062 1840 e
1072 1794 1095 1840 t
1106 1807 1179 1854 ag
1189 1809 1214 1840 e
1223 1793 1282 1841 ni
1303 1793 1487 1842 comico
1504 1792 1794 1840 tribuerunt

99 1874 237 1922 nullo
269 1874 420 1922 titulo
455 1873 614 1922 adiuti
646 1867 728 1938 (cf.
755 1873 999 1922 Kockium
1023 1871 1166 1922 FOA.
1191 1872 1216 1920 I
1236 1867 1382 1939 709),
1414 1889 1573 1937 neque
1604 1873 1790 1921 rectius

99 1953 379 2016 Hegemoni
418 1954 599 2003 tribuit
631 1955 921 2015 Meinekius,
963 1970 1073 2003 cum
1114 1954 1287 2002 eodem
1325 1955 1431 2002 iure
1464 1953 1656 2016 possint
1686 1953 1791 2000 Ma-

102 2035 238 2083 troni
275 2034 522 2085 vindicari
561 2029 646 2101 (cf.
686 2035 930 2098 imprimis
970 2033 1120 2083 Conv.
1153 2033 1260 2084 Att.
1293 2051 1336 2083 v.
1373 2028 1483 2099 94).

768 2165 1127 2200 FRAGMENTVM

175 2232 403 2288 τέτλαθι
443 2234 511 2302 δὴ
551 2235 711 2301 πενίη
754 2232 845 2286 καὶ
885 2230 1121 2302 ἀνάσχεο
1161 2233 1661 2302 μωρολογούντων·

178 2323 335 2386 ὄψων
374 2322 480 2392 γὰρ
519 2323 735 2390 πλῆθός
773 2335 835 2375 σε
875 2323 1022 2393 δαμᾷ
1061 2318 1153 2373 καὶ
1191 2321 1349 2390 λιμὸς
1388 2320 1635 2391 ἀτερπής.

603 2459 802 2492 ΗΟΜΕΒῙ
834 2458 1066 2492 DETORTI
1097 2457 1290 2493 VERSVS

166 2531 189 2570 1
221 2524 415 2571 τέτλαθι
447 2532 589 2583 μῆτερ
623 2521 708 2582 ἐμὴ
741 2524 821 2569 καὶ
853 2522 1054 2582 ἀνάσχεο
1086 2522 1322 2582 κηδομένη
1353 2540 1440 2581 περ
1472 2528 1508 2567 Α
1526 2528 1611 2569 586

222 2590 417 2638 τέτλαθι
447 2592 506 2648 δὴ
539 2591 743 2649 κραδίη*
774 2607 802 2635 υ
823 2595 878 2635 18

167 2661 193 2701 2
227 2656 272 2702 εἰ
300 2657 359 2714 δὴ
392 2657 508 2716 ὁμοῦ
540 2655 740 2714 πόλεμός
768 2673 818 2702 τε
850 2658 980 2718 δαμᾷ
1012 2656 1092 2701 καὶ
1123 2656 1280 2714 λοιμὸς
1305 2654 1510 2712 Ἀχαιούς
1538 2659 1575 2699 A
1593 2660 1648 2700 61

227 2725 357 2783 λιμὸς
379 2723 582 2781 ἀτερπής
610 2727 750 2768 Τ354
804 2722 1010 2782 ἀταρβής
1036 2723 1042 2782 Ι
1070 2725 1123 2767 Ν
1136 2727 1221 2768 299
1269 2719 1481 2779 ἀταρπόν
1509 2724 1516 2777 Ι
1545 2723 1695 2777 Pus,
1718 2721 1744 2776 ξ
1770 2727 1792 2766 1

773 2847 1130 2883 TESTIMONIVM

219 2921 338 2971 Ath.
371 2922 443 2970 VI
478 2923 545 2971 27
549 2923 641 2971 Oe:
687 2918 997 2984 θεασάμενος
1042 2922 1238 2984 πλῆθος
1281 2915 1474 2983 ἰχθύων
1511 2915 1593 2968 καὶ
1630 2914 1794 2968 ἄλλων

199 3009 378 3050 corpuso.
402 3011 432 3044 1.
1502 3005 1525 3044 7
