2038 3140
69 130 302 166 EUBonvs
341 131 525 167 PARws
741 144 802 152 --
884 114 952 167 51
1036 144 1098 151 —

71 245 155 296 διὰ
194 246 246 296 τὸ
285 247 476 307 παίζειν
514 247 817 313 ἀμφιδεξίως
867 253 917 299 et
957 251 1042 312 qui
1080 251 1272 312 priores
1311 251 1547 314 parodiae
1586 253 1760 312 poetas

68 328 258 376 virtute
300 332 625 392 superaverit.
702 333 748 380 A
789 332 995 380 Timone
1037 331 1344 394 sillographo
1383 333 1435 379 in
1472 331 1632 393 primo
1673 332 1756 379 sil-

66 409 231 458 lorum
269 410 398 459 libro
439 416 854 462 commemoratus
895 415 972 460 est
1011 406 1104 479 (fr.
1136 412 1427 460 XXXVIIII
1464 404 1758 477 Wachsm.).

66 490 350 539 Alexander
380 491 591 555 denique
623 493 834 543 Aetolus
866 494 919 541 in
952 493 1314 556 epigrammate
1346 493 1586 557 elegiaco,
1628 492 1760 555 quod

67 572 263 619 statuae
302 571 355 619 in
393 572 632 622 honorem
673 575 851 624 Boeoti
891 573 1150 637 Syracusis
1190 575 1383 637 positae
1422 573 1759 635 subscriptum

65 651 220 699 fuisse
268 653 319 699 et
364 652 478 702 inde
525 670 555 702 a
594 655 859 705 Polemone
911 657 970 703 ut
1017 655 1275 718 periegeta
1322 656 1611 716 decerptum
1650 669 1756 702 esse

65 731 274 780 coniecit
311 732 568 783 Heckerus
582 729 639 802 1),
678 737 800 786 haec
839 737 900 786 de
939 736 1128 784 Boeoto
1170 737 1310 785 dicit:

935 816 1117 882 ἔγραφε
1158 813 1202 865 δ’
1241 810 1365 882 ὦνερ

288 887 342 944 εὗ
381 892 497 961 παρ’
534 892 807 963 Ὁμηρείων
846 896 1057 964 ἀγλαΐαν
1096 895 1254 947 ἐπέων

213 975 463 1042 πισύγγως
500 973 534 1041 ἢ
574 985 746 1043 φῶρας
785 975 1019 1037 ἀναιδέας
1056 976 1089 1042 ἤ
1128 997 1238 1028 τινα
1275 977 1521 1044 χλούνην,

288 1056 463 1118 φλύων
502 1056 704 1128 ἀνθηρᾷ
744 1058 837 1108 σὺν
875 1054 1307 1129 κακοδαιμονίᾳῗ),

214 1140 322 1186 τοῖα
359 1140 691 1203 Συρακοσίοις
728 1139 813 1189 καὶ
850 1139 975 1206 ἔχων
1014 1141 1177 1206 χάριν·
1216 1138 1271 1200 ὃς
1311 1137 1364 1189 δὲ
1401 1142 1599 1190 Βοιωτῶ

289 1216 485 1283 ἔκλυεν,
523 1219 730 1291 Εὐβοίῳ
769 1219 996 1287 τέρψεται
1035 1217 1144 1272 οὐδ’
1181 1219 1360 1288 ὀλίγον.

177 1299 322 1348 Unde
369 1301 465 1349 etsi
512 1305 709 1351 constat
756 1304 1018 1353 Euboeum
1063 1305 1222 1351 multo
1276 1304 1440 1351 minus
1489 1302 1759 1364 probatum

65 1381 220 1430 fuisse
246 1382 528 1430 Alexandro
563 1399 711 1446 quam
735 1385 996 1448 Boeotum,
1028 1387 1197 1433 tamen
1223 1399 1282 1432 ex
1305 1385 1397 1431 hac
1420 1384 1531 1444 ipsa
1554 1384 1756 1431 illorum

64 1463 367 1524 parodorum
413 1465 781 1525 comparatione
828 1466 922 1513 hoc
970 1465 1120 1513 debet
1160 1464 1311 1527 effici,
1365 1465 1547 1512 similia
1585 1479 1756 1512 eorum

66 1557 124 1591 ac
160 1543 282 1592 vilia
320 1545 474 1593 fuisse
512 1545 749 1607 parodiae
788 1548 1107 1608 argumenta,
1146 1545 1198 1593 id
1236 1546 1367 1607 quod
1406 1545 1757 1607 comprobatur

66 1624 260 1673 duobus
299 1616 492 1673 Euboei
528 1625 848 1691 fragmentis,
888 1642 1098 1689 quorum
1137 1628 1355 1684 alterum
1392 1626 1667 1674 tumultum
1703 1626 1757 1673 in

65 1706 314 1754 tonstrina
360 1709 526 1755 ortum
571 1709 831 1770 tamquam
867 1705 1183 1756 Achaeorum
1212 1707 1637 1770 Troianorumque
1667 1722 1756 1768 pu-

70 1802 221 1849 gnam
261 1787 565 1837 homericam
595 1788 777 1837 festive
808 1788 1056 1852 describit,
1096 1789 1312 1837 alterum
1343 1788 1405 1835 ad
1435 1788 1596 1836 rixam
1623 1787 1756 1835 inter

0 1878 3 1934 j
63 1870 317 1917 tonsorem
365 1871 417 1917 et
461 1869 673 1932 figulum
720 1870 780 1918 de
827 1886 979 1919 uxore
1025 1870 1166 1919 velut
1211 1869 1271 1917 de
1317 1869 1478 1917 altera
1522 1868 1749 1916 Briseide

0 1939 3 1965 ³
66 1950 286 1998 coortam
323 1949 566 2014 pertinet3
606 1965 733 2012 quae
764 1951 1050 2014 fragmenta
1081 1951 1302 2000 eiusdem
1334 1949 1571 2012 parodiae
1595 1949 1752 1998 fuisse

0 2054 2 2086 3
63 2029 334 2079 verisimile
352 2031 444 2079 est.
469 2027 631 2086 Quam
645 2045 763 2080 vere
779 2035 949 2080 autem
963 2031 1167 2080 Polemo
1186 2031 1381 2092 dixerit,
1396 2031 1558 2078 multa
1573 2030 1752 2079 lusisse

32 2145 35 2148 ι
62 2110 324 2159 Euboeum
361 2110 414 2158 in
453 2109 755 2160 carminibus
792 2112 967 2174 facete,
1003 2113 1105 2160 iam
1140 2111 1239 2173 ipsi
1274 2111 1496 2159 iudicent
1524 2111 1755 2159 lectores.

185 2237 228 2291 1)
259 2233 379 2280 Phil.
398 2234 442 2278 V
466 2238 581 2280 1850
611 2249 657 2291 p.
682 2237 771 2278 424
794 2232 1002 2279 doricam
1030 2233 1287 2278 dialectum
1307 2233 1483 2290 ubique
1506 2233 1750 2280 reducens,

62 2299 326 2354 Meinekius
356 2300 492 2345 Anal.
524 2300 654 2345 Alex.
686 2315 733 2356 p.
757 2303 845 2344 230
884 2313 940 2344 ex
978 2299 1184 2344 carmine
1223 2299 1481 2344 Alexandri
1510 2300 1751 2344 Musarum

61 2366 250 2412 nomine
273 2365 503 2424 inscripto
527 2365 752 2424 (Macrob.
771 2362 867 2411 Sat.
885 2365 928 2410 V
953 2369 1028 2423 22)
1052 2367 1299 2410 censuerat
1320 2367 1410 2411 hoc
1433 2366 1751 2423 fragmentum

63 2433 391 2491 depromptum
421 2446 538 2478 esse.

182 2501 227 2556 2)
260 2499 453 2560 ἀνθηρᾷ
485 2500 571 2544 σὺν
602 2499 947 2559 καλοειμονίᾳ
978 2498 1387 2555 Wachsmuthius,
1418 2500 1473 2543 ut
1502 2499 1564 2544 ad
1593 2499 1752 2557 ipsum

9 2586 11 2591 ·
61 2577 258 2622 poeseos
270 2564 438 2610 Boeoti
454 2566 672 2609 ornatum
689 2565 887 2621 spectet,
904 2564 1027 2609 sicut
1038 2565 1159 2610 Bion
1176 2565 1351 2610 dicitur
1368 2565 1428 2609 ab
1437 2564 1749 2610 Eratosthene
1769 2601 1774 2604 .

15 2668 18 2670 .
61 2629 148 2687 τὴν
166 2632 452 2688 φιλοσοφίαν
469 2630 651 2676 ἀνθινὰ
667 2633 938 2689 περιβαλεῖν
955 2644 1029 2688 ap.
1040 2631 1225 2678 Strato]
1238 2637 1314 2689 2,2
1332 2647 1378 2688 p.
1391 2635 1467 2687 15;
1484 2630 1748 2675 cf.Wachs-

60 2696 234 2741 muthii
258 2697 444 2754 Sillogr.
466 2712 514 2755 p.
533 2702 589 2743 74
607 2712 697 2754 sq.;
730 2697 876 2742 aliam
904 2697 1033 2743 viam
1059 2697 1262 2755 ingressi
1291 2698 1428 2742 erant
1449 2697 1742 2742 Hermannus

62 2762 284 2822 Opusc.V
298 2778 345 2820 p.
358 2768 434 2809 10:
451 2762 483 2819 ἤ
499 2780 606 2808 τινα
623 2762 825 2820 χλούνην
841 2767 1018 2821 φλοιῶν
1034 2765 1225 2823 ἀνθηρῇ
1243 2763 1328 2808 σὺν
1343 2777 1617 2819 κακοειμο
1628 2765 1745 2820 νίῃ,

62 2831 111 2874 et
140 2828 403 2874 Meinekius
433 2829 569 2874 Anal.
601 2829 733 2873 Alex.
765 2844 811 2886 p.
844 2835 932 2875 232
971 2831 1149 2888 ἀτηρῇ
1181 2829 1267 2874 σὺν
1298 2829 1654 2886 κακοδαιμονίῃ,
1685 2828 1746 2874 cf.

63 2896 260 2941 eundem
290 2895 397 2941 Ath.
428 2895 522 2942 vol.
551 2895 617 2941 IV
644 2910 690 2953 p.
716 2900 818 2941 360.

1412 2994 1475 3035 4*
