2038 3140
154 132 346 165 FRAGM.
378 133 478 179 LXI,
509 132 614 163 an
791 142 860 148 —
943 111 1044 163 169
1124 141 1192 147 —

96 260 121 299 5
154 244 319 312 βάλλε
358 242 719 312 πανημέριος,
761 244 975 311 Συρίης
1014 242 1223 294 εὐώδεα
1263 243 1489 311 καρπόν.

156 331 436 400 ἐμπίνοντι
477 330 543 384 δέ
578 345 667 383 σοι
707 329 918 399 φερέτω
957 330 1175 382 τοιόνδε
1215 330 1487 399 τράγημα,

154 418 391 489 γαστέρα
430 417 521 471 καὶ
560 421 773 489 μήτρην
813 418 998 488 ἑφθὴν
1038 417 1136 480 ὑὸς
1177 420 1237 470 ἔν
1276 437 1332 470 τε
1371 419 1584 490 κυμίνῳ

154 509 215 560 ἔν
253 505 299 560 τ’
341 508 452 573 ὄξει
493 509 680 578 δριμεῖ
712 507 803 561 καὶ
844 509 1046 578 σιλφίῳ
1088 505 1445 576 ἐμβεβαῶσαν

154 596 405 665 ὀρνίθων
444 594 489 648 τ’
529 596 712 649 ὀπτῶν
752 596 963 648 ἁπαλὸν
1003 593 1188 662 γε’νος,
1229 590 1307 647 ὧν
1346 594 1415 647 ἂν
1454 595 1672 664 ὑπάρχῃ

67 699 122 739 10
155 684 285 753 ὥρη.
362 693 473 736 τῶν
514 681 574 737 δὲ
613 685 983 754 Συρακοσίων
1021 684 1236 736 τούτων
1275 682 1578 752 ἀμέλησον,

155 775 214 825 οἳ
245 774 472 825 πίνουσι
511 775 685 841 μόνον
724 772 1014 841 βατράχων
1053 773 1286 841 τρόπον,
1329 769 1497 824 οὐδὲν
1537 773 1769 835 ἔδοντες.

154 860 291 913 ἀλλὰ
330 862 400 913 σὺ
439 860 511 929 μὴ
551 862 755 912 πείθου
794 862 1014 926 κείνοις,
1056 858 1088 910 ἃ
1130 855 1179 910 δ’
1218 858 1323 926 ἐγὼ
1364 857 1504 926 λέγω
1547 861 1679 912 ἔσθε

155 948 358 1018 βρωτά·
398 949 463 1001 τὰ
504 943 555 1000 δ’
593 949 731 1001 ἄλλα
770 944 821 1016 γ’
858 947 1040 1001 ἐκεῖνα
1070 949 1388 1016 τραγήματα
1419 948 1598 1012 πάντα
1629 947 1840 1017 πέφυκε

153 1039 421 1106 πτωχείης
459 1037 805 1107 παράδειγμα
844 1043 1035 1105 κακῆς,
1076 1033 1252 1104 ἑφθοί
1284 1032 1332 1087 τ’
1371 1034 1655 1106 ἐρέβινθοι

841 1187 1156 1221 TESTIMONIA

266 1261 405 1308 LXII
459 1261 578 1309 Ath.
610 1261 687 1308 III
723 1262 890 1310 lOlb:
924 1256 990 1309 Ἀ.
1032 1267 1158 1326 γοῦν
1199 1254 1225 1309 ὃ
1265 1257 1598 1324 ὀψοδαίδαλος
1637 1261 1754 1326 μετὰ
1788 1261 1841 1312 τὸ

158 1341 362 1390 δεῖπνον
401 1339 483 1389 καὶ
521 1339 605 1400 τὰς
642 1340 906 1406 προπόσεις
945 1339 1026 1389 καὶ
1065 1338 1117 1389 τὸ
1157 1339 1331 1404 μύροις
1371 1340 1652 1405 χρήσασθαί
1687 1357 1841 1406 φησιν

156 1420 309 1471 «αἰεὶ
336 1449 398 1458 —-
429 1420 859 1487 ἀναρίθμους».
921 1422 1155 1470 Eustath.
1185 1424 1305 1485 773,
1341 1425 1430 1471 36:
1470 1429 1638 1487 χρῆσις
1670 1421 1722 1472 δὲ
1754 1430 1841 1473 τοῦ

156 1500 259 1551 ἔθω
291 1500 374 1551 καὶ
403 1501 537 1567 παρὰ
569 1505 635 1572 τῷ
667 1501 854 1552 εἰπόντι
886 1500 951 1562 ὡς
991 1501 1274 1551 «πίνουσι
1314 1502 1498 1566 μόνον
1537 1504 1843 1568 βατράχων

156 1582 377 1647 τρόπον
424 1581 602 1632 οὐδὲν
654 1582 948 1644 ἔθοντες».
1025 1584 1256 1632 Eustath.
1300 1586 1456 1645 1386,
1499 1587 1589 1634 53:
1639 1586 1844 1649 σκῶμμα

157 1669 256 1724 τοῖς
280 1663 435 1714 πολλὰ
458 1665 659 1715 πίνουσι
682 1662 936 1731 προσφυὲς
958 1663 1011 1714 τὸ
1045 1664 1138 1714 «οἳ
1165 1663 1412 1714 πίνουσι
1447 1693 1509 1699 -
1547 1664 1844 1725 ἔθοντες».

157 1746 274 1794 Ath.
301 1747 377 1794 III
406 1747 543 1795 101f
549 1765 560 1795 ε
600 1746 876 1810 θαυμάζειν
908 1741 954 1796 δ’
983 1744 1110 1796 ἐστὶν
1142 1741 1282 1805 ἄξιον
1314 1752 1401 1795 τοῦ
1432 1745 1517 1805 τὰς
1547 1746 1698 1806 καλὰς
1720 1745 1844 1797 ὑπο-

157 1825 321 1890 θήκας
374 1825 733 1891 παραδιδόντος
786 1823 907 1891 ἡμῖν
948 1823 1320 1892 Ἀρχεστράτου,
1373 1824 1427 1886 ὃς
1460 1823 1738 1898 Ἐπικούρῳ
1778 1830 1844 1898 τῷ

159 1910 300 1977 σοφῷ
338 1914 424 1972 τῆς
461 1903 650 1972 ἡδονῆς
687 1906 988 1974 καθηγεμὼν
1027 1907 1290 1974 γενόμενος
1321 1907 1443 1957 κατὰ
1474 1907 1558 1957 τὸν
1583 1905 1844 1974 Ἀσκραῖον

158 1986 370 2052 ποιητὴν
407 1995 666 2054 γνωμικῶς
711 1986 795 2037 καὶ
833 1985 954 2054 ἡμῖν
1001 1988 1327 2054 συμβουλεύει
1373 1987 1466 2038 τισὶ
1504 1986 1594 2053 μὲν
1633 1988 1699 2054 μὴ
1740 1990 1844 2040 πεί-

159 2073 372 2132 θεσθαι,
426 2067 560 2139 αὑτῷ
608 2065 660 2118 δὲ
705 2067 960 2135 προσέχειν
1005 2068 1091 2118 τὸν
1136 2076 1287 2133 νοῦν,
1340 2068 1424 2119 καὶ
1462 2068 1649 2120 ἐσθίειν
1686 2089 1845 2136 παρα-

159 2147 403 2197 κελεύεται
439 2146 498 2196 τὰ
535 2146 619 2196 καὶ
653 2148 725 2197 τά.
792 2149 1023 2199 Eustath.
1060 2151 1181 2212 652,
1217 2152 1270 2199 3:
1309 2148 1432 2214 πρὸς
1464 2147 1517 2198 δὲ
1548 2150 1745 2216 γράψας
1775 2169 1845 2210 τις

160 2227 528 2294 τολμηρότερον,
566 2226 633 2288 ὡς
663 2226 746 2278 καὶ
777 2227 990 2294 ἀλλαχοῦ
1020 2229 1401 2294 παρεσημάνθη,
1439 2229 1537 2294 ἔφη
1568 2229 1620 2279 τὸ
1658 2230 1843 2281 «οὕτω

161 2327 250 2364 τοι
430 2315 536 2375 γῆς
582 2307 680 2358 καὶ
725 2315 828 2359 τοῦ
875 2308 1189 2375 βαράθρου
1243 2308 1340 2359 καὶ
1395 2317 1497 2360 τοῦ
1550 2311 1842 2377 ταρτάρου

0 2395 3 2471 ζ
162 2389 243 2450 εἰς
281 2389 380 2439 τὸν
411 2417 484 2424 —-
515 2388 1016 2455 ἀναριθμήτους».

0 2475 10 2603 ἱ
723 2523 979 2558 VARIETAS
1017 2523 1287 2558 LECTIONIS

0 2606 14 2680 ι
279 2591 402 2635 LXII
435 2596 459 2635 7
485 2589 683 2648 μήτρηνε
709 2589 949 2647 μήτρανΑ
1027 2587 1079 2635 ἐν
1103 2607 1151 2636 τε
1180 2594 1185 2646 Ι
1213 2592 1351 2648 μίνωι
1380 2591 1448 2635 A:
1481 2604 1595 2637 corr.
1632 2591 1725 2637 GE
1818 2598 1844 2638 9

161 2673 210 2702 τε
228 2657 382 2702 ὀπτῶν
398 2658 444 2702 Α
499 2652 563 2701 ὧν
588 2655 909 2702 Casaubonus:
935 2656 1058 2708 ὡςἈ
1145 2662 1198 2701 10
1223 2673 1418 2713 ωρωτων
1441 2653 1494 2701 δὲ
1511 2657 1558 2701 A
1651 2663 1702 2702 12
1729 2658 1846 2703 ἀλλὰ

163 2724 469 2782 συμιπείθου
500 2723 547 2767 A
663 2727 716 2766 13
749 2722 988 2779 βρώματα·
1028 2722 1170 2767 τᾶλλα
1201 2721 1248 2767 δ’
1277 2719 1437 2767 ἐκεῖνα
1466 2722 1603 2767 malit
1632 2723 1846 2780 Dindorf,

164 2789 382 2836 ‘fortasse
404 2790 463 2835 τὰ
486 2789 633 2834 πολλὰ
656 2787 708 2834 δὲ
734 2793 868 2833 κεῖνα
893 2801 950 2832 ex
966 2786 1232 2834 imitatione
1251 2787 1479 2846 epitaphii
1497 2787 1841 2848 Sardanapalli’

63 2910 71 2916 ἱ
162 2855 334 2901 Kaibel
456 2862 512 2901 14
535 2857 761 2913 πτωχείης
779 2853 1016 2899 Meineke:
1040 2855 1268 2911 πτωχείας
1291 2855 1336 2899 A
1398 2857 1541 2911 καλῆς
1565 2849 1722 2913 ἑφθῆς
1746 2853 1847 2915 ἐρέ-

20 2944 46 2963 ‹
166 2923 328 2982 βινθοι
357 2922 419 2979 A,
451 2928 599 2979 κακῆς
631 2921 1056 2978 Schweighaeuser,
1088 2915 1240 2977 ἑφθοί
1265 2914 1305 2964 τ’
1346 2920 1645 2966 Casaubonus
