2038 3140
125 151 413 187 oonv1v1vM
450 151 682 186 ΑΤΤΙονΜ
788 164 858 170 ——
937 132 1005 186 89
1085 162 1152 168 —

125 263 193 319 V.
238 263 376 319 105.
418 268 549 327 Quid
586 268 804 331 ineptius
844 284 994 332 quam
1033 283 1161 330 aqua
1199 268 1391 315 marina
1428 281 1605 315 manus
1644 267 1813 316 lavare

125 350 379 413 convivas,
426 350 510 412 qui
549 350 670 412 ipsis
710 350 939 398 manibus
978 365 1068 412 pro
1108 349 1453 397 instrumentis
1494 347 1670 396 edendi
1707 351 1813 396 ute-

124 430 341 479 bantur?
406 429 491 478 Sic
546 431 678 478 enim
724 430 958 480 videntur
1002 429 1307 478 intellexisse
1351 430 1674 491 interpretes,
1729 429 1815 491 qui

127 512 278 560 etiam
324 512 388 559 ad
434 528 479 559 v.
524 513 594 560 20
631 514 918 573 provocant.
987 512 1139 560 Recte
1178 510 1378 573 quidem
1414 508 1664 572 νίψασθαι
1701 507 1813 557 ἀπό

124 608 256 649 τινος
302 592 399 640 dici
444 595 614 654 potest
660 593 790 641 sicut
836 593 863 651 ζ
900 593 1005 640 224
1054 588 1113 639 ἐκ
1150 598 1375 655 ποταμοῦ
1422 590 1541 655 χρόα
1587 590 1740 649 νίζετο
1766 626 1811 638 ..

125 671 287 735 ἅλμην
341 675 393 722 et
444 674 632 737 absque
684 672 1051 736 praepositione
1102 672 1135 735 β
1183 674 1284 720 261
1336 675 1496 736 χεῖρας
1541 670 1815 734 νιψάμενος

125 756 339 818 πολιῆς
394 751 532 813 ἁλός
578 756 637 803 de
685 755 980 803 Telemacho
1026 755 1306 815 precaturo.
1383 754 1455 801 At
1499 754 1616 801 licet
1661 767 1814 813 prope

127 834 292 895 ipsum
329 838 531 897 portum
562 836 716 884 fuerit
747 835 1042 894 convivium,
1084 835 1193 897 quis
1227 849 1409 897 quaeso
1440 835 1493 881 in
1523 832 1816 881 lautissimis

126 915 286 977 epulis
334 916 398 964 ad
442 932 581 965 marc
621 916 890 965 descendat
934 915 1193 965 lavatum?
1261 915 1420 962 Immo
1467 916 1525 961 ut
1568 916 1645 962 est
1683 914 1817 975 apud

125 997 452 1045 Philoxenum
493 990 636 1063 (Ath.
675 996 768 1044 XV
810 997 914 1046 685
934 990 987 1061 d)
1027 993 1150 1043 κατὰ
1189 993 1344 1060 χειρὸς
1384 990 1429 1043 δ’
1468 989 1621 1057 ἤλυθ’
1665 992 1815 1058 ὕδωρ.

125 1078 303 1142 Itaque
336 1073 538 1127 tOceani
568 1073 766 1127 fluctus'
799 1076 985 1139 parodo
1017 1076 1150 1124 idem
1180 1076 1351 1125 valent
1382 1077 1514 1139 quod
1545 1075 1688 1140 ἅλμη,
1721 1092 1816 1139 quo

124 1160 178 1207 in
214 1159 367 1208 verbo
406 1158 507 1207 iam
547 1174 699 1220 supra
735 1175 781 1207 v.
826 1159 890 1205 77
933 1157 1167 1219 ambigue
1205 1158 1420 1206 luserat:
1467 1152 1523 1215 ὃς
1561 1154 1724 1205 ἔναιεν
1764 1154 1818 1204 ἐν

126 1238 256 1307 ἅλμῃ
303 1238 637 1307 μορμυρούσῃ.
709 1239 960 1286 Nimirum
1006 1253 1119 1286 cum
1165 1238 1384 1286 maxima
1420 1253 1538 1300 pars
1578 1254 1728 1287 cenae
1766 1238 1819 1286 in

126 1321 347 1382 piscibus
386 1323 590 1370 versata
629 1323 776 1383 esset,
815 1336 845 1367 a
883 1320 1076 1366 muria
1113 1333 1290 1366 manus
1330 1321 1473 1367 erant
1510 1319 1816 1382 purgandae.

128 1395 199 1450 V.
243 1395 383 1450 106.
452 1399 642 1464 Μύρον
681 1399 839 1464 ἴρινον
879 1399 1052 1447 laudat
1089 1399 1380 1447 Athenaeus
1419 1399 1465 1444 V
1508 1399 1674 1448 195d:
1723 1397 1818 1447 εἰσ-

129 1479 326 1547 εφέρετο
358 1480 574 1545 τήλινον,
614 1479 940 1544 ἀμαράκινον,
979 1479 1157 1544 ἴρινον,
1196 1478 1356 1527 πάντα
1388 1476 1685 1543 διαφέροντα
1715 1483 1819 1537 ταῖς

128 1560 370 1621 εὐωδίαις.
440 1556 509 1612 V.
546 1555 662 1610 108
704 1559 931 1624 διάνδιχα
971 1561 1184 1622 sumpsit
1213 1561 1433 1623 parodus
1466 1577 1525 1609 ex
1556 1560 1667 1608 aliis
1699 1559 1819 1608 locis

130 1643 408 1705 homericis,
447 1658 559 1691 cum
596 1644 638 1690 B
680 1643 783 1691 655
812 1657 882 1703 sq.
923 1642 1171 1703 scriptura
1210 1639 1292 1689 διὰ
1329 1640 1465 1705 τρίχα
1503 1641 1821 1690 confirmetur

127 1724 239 1786 ipsa
270 1723 566 1786 oppidorum
596 1723 904 1772 Rhodiorum
934 1722 1275 1784 tripartitione
1298 1721 1494 1771 Λίνδον
1519 1717 1741 1785 Ἰηλυσόν
1772 1739 1820 1771 τε

127 1801 212 1853 καὶ
258 1801 547 1869 ἀργινόεντα
584 1801 851 1866 Κάμειρον.
927 1802 1007 1850 Ad
1047 1802 1367 1852 convivarum
1406 1803 1630 1850 ordinem
1667 1802 1822 1851 verba

129 1885 220 1933 illa
271 1887 497 1947 spectare
543 1884 800 1947 videntur,
847 1882 934 1931 sed
983 1883 1155 1945 quidni
1203 1881 1286 1931 διὰ
1324 1882 1458 1947 τρίχα
1496 1883 1718 1931 retinens
1759 1882 1822 1930 ad

131 1966 292 2015 crines
325 1959 490 2037 (θρίξ)
523 1965 699 2013 referri
729 1963 979 2015 voluerit?
1049 1957 1120 2013 V.
1149 1957 1265 2012 109
1299 1979 1412 2012 cum
1444 1965 1671 2026 emphasi
1701 1979 1819 2027 qua-

132 2047 247 2095 dam
277 2045 443 2095 πίνετο
477 2041 521 2094 δ’
552 2039 704 2109 οἶνος,
735 2046 876 2094 cuius
902 2045 1183 2106 exemplum
1205 2045 1512 2094 homericum
1535 2045 1821 2106 subscripsi.

130 2127 204 2176 Of.
247 2127 401 2176 etiam
437 2127 742 2175 Philoxenus
780 2141 856 2187 ap.
889 2125 1008 2174 Ath.
1039 2124 1112 2172 XI
1150 2127 1256 2174 476
1269 2141 1317 2174 e:
1355 2124 1521 2174 πίνετο
1564 2124 1823 2189 νεκτάρεον

130 2202 263 2271 πῶμ’
306 2205 360 2256 ἐν
402 2205 496 2256 κτὲ.
570 2207 646 2255 De
689 2207 805 2256 vino
844 2205 1028 2254 Lesbio
1066 2204 1180 2254 vide
1219 2205 1473 2255 Archestr.
1511 2207 1571 2254 fr.
1610 2205 1726 2253 LIX
1750 2221 1820 2269 sq.

130 2283 201 2339 V.
231 2283 367 2354 112.
438 2288 519 2338 Sic
556 2288 862 2352 Hermippus
900 2286 953 2334 in
990 2287 1197 2348 parodia
1233 2286 1485 2335 homerica
1523 2301 1599 2348 ap.
1641 2286 1758 2334 Ath.
1798 2285 1823 2333 I

134 2371 247 2420 27f
282 2365 330 2435 (Ι
357 2371 460 2419 243
496 2362 684 2435 Kock):
724 2366 878 2433 αὐτὰρ
913 2362 999 2416 ἀπ’
1036 2364 1261 2431 Εκῦβοίας
1299 2364 1514 2424 ἀπίους
1551 2363 1648 2414 καὶ
1689 2365 1823 2428 ἴφια

133 2454 300 2515 μῆλα.
376 2445 447 2500 V.
490 2444 627 2500 113.
684 2447 754 2498 Cf.
796 2449 1026 2498 Eustath.
1070 2450 1192 2511 871,
1224 2449 1310 2497 40.
1378 2441 1447 2496 V.
1492 2440 1627 2494 114.
1687 2444 1823 2510 Πρό-

134 2545 312 2594 σφατοι
362 2534 481 2581 sunt
532 2546 660 2582 uvae
714 2530 1053 2580 recentissime
1106 2530 1321 2591 carptae.
1388 2522 1700 2590 Ἆμάμαξυνι
1763 2526 1822 2575 cf.

133 2613 364 2661 Eustath.
401 2614 559 2676 1524,
595 2614 661 2661 33
695 2609 971 2675 ἀμάμαξυς,
1003 2612 1255 2673 σταφυλῆς
1285 2605 1440 2675 γένος.
1504 2606 1558 2656 οἱ
1583 2603 1654 2669 δὲ,
1685 2603 1825 2655 ἀνα-

135 2692 166 2741 δ
174 2709 235 2742 εν
248 2692 278 2742 δ
287 2691 440 2758 ράδα
478 2693 645 2756 φασίν.
717 2691 878 2750 Quam
916 2690 1298 2753 explicationem
1341 2688 1659 2750 amplectitur
1688 2686 1823 2735 Heh-

133 2774 247 2822 nius
288 2789 484 2838 quoque
517 2768 804 2836 ‘Kulturpst
836 2788 882 2820 u.
915 2764 1243 2820 Hausthiere'
1281 2787 1328 2832 p.
1363 2771 1448 2832 67,
1478 2767 1642 2816 minus
1673 2769 1825 2828 recte,

136 2855 326 2920 opinor,
364 2854 410 2903 si
447 2854 589 2903 audis
621 2853 929 2917 Hesychium
967 2867 1003 2901 s.
1027 2868 1096 2901 v.:
1136 2848 1320 2915 εἴρηται
1351 2845 1405 2898 δὲ
1434 2845 1518 2897 καὶ
1548 2844 1628 2897 ἐπὶ
1665 2851 1825 2912 χωλοῦ

136 2951 297 2999 τινος,
345 2932 438 2984 δύο
485 2934 771 3000 βακτηρίαις
808 2931 906 2983 ὑπὸ
945 2936 1049 2992 ταῖς
1087 2930 1334 2997 μασχάλας
1371 2925 1707 2996 ἐρειδομένου,
1743 2926 1828 2977 καὶ
