2038 3140
146 146 464 180 FR.xn1-xv
788 155 853 164 —-
936 127 1036 179 147
1117 157 1183 164 —

29 272 100 305 xv
149 257 322 327 αὐτὰρ
363 257 418 319 ἐς
451 253 785 326 Ἀμβρακιήν
825 257 1009 310 ἐλθὼν
1050 258 1351 327 εὐδαίμονα
1391 260 1576 328 χώρην
1843 276 1919 315 (23)

145 346 357 415 κάπρον
398 345 494 398 ἐὰν
534 345 721 415 ἐσίδῃς
761 345 911 399 ὠνοῦ
949 344 1040 398 καὶ
1079 347 1151 415 μὴ
1192 348 1513 415 παράλειπε,

144 433 248 487 κᾶν
290 435 582 503 ἰσόχρυσος
621 436 707 504 ἔῃ,
748 437 820 503 μή
861 449 950 487 σοι
989 433 1207 504 νέμεσις
1245 437 1592 505 καταπνεύσῃ

147 523 300 590 δεινὴ
341 519 431 574 ἀπ’
470 522 792 575 ἀθανάτων·
830 524 891 575 τὸ
931 523 1036 592 γάρ
1076 522 1226 576 ἐστιν
1264 523 1525 593 νέκταρος
1563 526 1751 587 ἄνθος.

87 627 112 667 5
144 611 346 663 τούτου
386 607 436 662 δ’
474 610 613 679 <οὐ>
652 610 815 680 θέμις
854 609 967 664 ἐστὶ
1008 621 1208 680 φαγεῖν
1246 618 1539 681 θνητοῖσιν
1578 614 1781 666 ἅπασιν

145 695 268 751 οὐδ’
307 698 512 751 ἐσιδεῖν
553 700 831 766 ὄσσοισιν,
873 699 995 752 ὅσοι
1034 701 1106 768 μὴ
1147 702 1380 753 πλεκτὸν
1419 702 1646 770 ὕφασμα

144 788 373 855 σχοίνου
414 786 773 856 ἑλειοτρόφου
812 791 1003 840 κοῖλον
1042 790 1319 856 χείρεσσιν
1360 791 1574 858 ἔχοντες

144 876 379 928 εἰώθασι
420 877 608 928 δονεῖν
648 878 874 943 ψήφους
912 876 1067 948 ὀρθῷ
1108 895 1165 929 τε
1206 881 1448 949 λογισμῷ

145 964 379 1034 ἄρθρων
419 966 661 1033 μηλείων
701 960 785 1016 ἐπ’
823 965 1000 1033 ἄγρην
1042 965 1337 1034 δωρήματα
1376 966 1613 1032 βάλλειν.

646 1161 845 1194 ΗΟΜΕΒΙ
884 1158 1078 1194 VERSVS
1119 1158 1320 1193 SIMILES

141 1232 227 1277 XV
274 1239 299 1277 3
332 1232 515 1288 νέμεσις
546 1233 598 1278 δέ
631 1251 708 1290 μοι
741 1229 787 1287 ἐξ
820 1233 1089 1289 ἀνθρώπων
1117 1236 1123 1290 1
1153 1231 1333 1277 ἔσσεται
1365 1235 1392 1293 β
1419 1238 1501 1279 136
1520 1249 1586 1290 sq.

275 1303 303 1342 4
335 1298 451 1343 ἀλλὰ
480 1298 581 1343 τόδ’
619 1300 873 1358 ἀμβροσίης
904 1298 985 1342 καὶ
1016 1297 1239 1355 νέκταρός
1271 1296 1395 1343 ἔστιν
1427 1300 1643 1357 ἀπορρώξ
1676 1317 1692 1344 ι
1713 1305 1823 1356 359;

1141 1365 1198 1409 cf.
1232 1365 1355 1409 infra,
1387 1366 1624 1410 Eustathii
1655 1369 1762 1412 test.

278 1436 303 1474 5
335 1435 397 1491 τῷ
431 1428 476 1475 δ’
506 1432 560 1475 οὐ
592 1429 731 1488 θέμις
763 1427 859 1475 ἐστὶ
889 1438 1081 1488 μιγῆναι
1113 1431 1158 1477 Ξ
1178 1435 1263 1475 386

823 1614 1135 1647 TESTIMONIA

251 1695 344 1743 XV
382 1695 500 1743 Ath.
527 1694 626 1743 VII
653 1696 818 1744 305e:
846 1690 914 1742 ’A.
942 1691 996 1743 δέ
1020 1708 1175 1758 φησιν
1209 1692 1429 1758 «αὐτὰρ
1458 1720 1520 1727 -
1542 1693 1822 1758 βάλλων».

138 1776 369 1824 Eustath.
399 1777 556 1836 1872,
586 1779 675 1825 17:
708 1774 845 1825 καθὰ
868 1773 951 1824 καὶ
974 1769 1033 1834 ὗς
1056 1775 1343 1838 θαλάσσιος,
1369 1773 1496 1824 οὕτω
1520 1774 1603 1824 καὶ
1619 1776 1822 1841 κάπρος,

139 1854 205 1916 ὡς
252 1857 402 1920 δηλοῖ
437 1854 520 1905 καὶ
552 1852 822 1920 Ἀθήναιος
870 1854 923 1905 ἐν
961 1859 1027 1926 τῷ
1077 1855 1307 1920 κάπρον
1361 1854 1431 1904 ἂν
1480 1854 1680 1926 ἐσίδῃς
1726 1862 1822 1906 θα-

137 1937 330 1987 λάττιον
369 1934 525 1987 ὠνοῦ
571 1935 669 1986 καὶ
714 1935 790 2000 μὴ
830 1937 1180 2006 καταλίπῃς,
1226 1934 1334 1985 κᾶν
1382 1935 1694 2001 ἰσόχρυσος
1732 1936 1823 2001 ἔνι,

137 2018 212 2082 μή
262 2031 355 2068 σοι
403 2015 644 2082 νέμεσις
687 2017 1072 2087 καταπνεύσῃ
1122 2015 1290 2081 δεινὴ
1341 2014 1435 2066 ἀπ’
1478 2015 1824 2082 ἀθανάτων,

19 2148 24 2153 ,
135 2097 198 2147 τὸ
229 2098 338 2164 γάρ
370 2097 490 2148 ἐστι
520 2096 803 2163 νέκταρος
834 2095 1038 2156 ἄνθος.
1096 2098 1330 2146 Eustaizh.
1359 2100 1516 2162 1633,
1541 2100 1632 2147 49:
1663 2115 1821 2163 παρα·
1900 2117 1906 2124 ·

0 2170 7 2241 ἶ
136 2178 350 2243 ποιήσας
389 2175 443 2228 δέ
471 2196 543 2238 τις
579 2178 633 2228 τὸ
668 2175 900 2243 νέκταρος
931 2175 1160 2242 ἀπορρὼξ
1191 2175 1326 2241 παρὰ
1348 2180 1415 2246 τῷ
1439 2177 1820 2246 δειπνοσοφιστῇ

0 2242 6 2322 i
137 2257 215 2309 ἐπὶ
253 2260 447 2325 κάπρου
486 2259 752 2309 θαλαττίου
792 2257 889 2322 ἔφη
929 2256 988 2307 τὸ
1028 2255 1135 2323 γὰρ
1175 2254 1458 2322 νέκταρος
1495 2254 1699 2317 ἄνθος.

698 2465 954 2501 VARIETAS
990 2462 1263 2498 LEC'rIomS

253 2540 339 2585 XV
373 2546 396 2584 1
418 2539 696 2600 Ἀμβρακίην
714 2565 768 2573 —
786 2539 963 2597 χώρηντ
990 2535 1344 2597 Ἀμβρακίαν-
1359 2538 1516 2595 χώραν
1543 2540 1590 2583 A
1678 2542 1705 2582 2
1736 2538 1820 2583 τὸν

135 2607 320 2664 καρπὸν
352 2605 412 2652 ἂν
442 2608 502 2664 A,
535 2621 648 2653 corr.
684 2606 723 2651 C
778 2603 961 2660 κάπρον
986 2599 1071 2648 ἐὰν
1095 2603 1298 2648 Dindorf
1350 2603 1610 2662 παράλειπε
1633 2603 1816 2661 scripsi:

135 2671 386 2718 κατάλειπε
416 2674 463 2718 Α
594 2678 622 2718 5
659 2671 826 2716 τούτου
857 2667 911 2714 δὲ
941 2667 1083 2727 θέμις
1111 2670 1179 2726 A,
1219 2682 1333 2715 corr.
1367 2670 1669 2716 casaubonus
1789 2674 1816 2714 6

135 2737 260 2790 ὅσοις
290 2738 352 2795 A,
381 2751 498 2783 corr.
533 2737 572 2784 Ο
687 2741 712 2781 ’1
745 2730 1020 2793 ἕλιοτρόφου
1050 2736 1111 2792 A,
1143 2749 1257 2782 corr.
1288 2735 1491 2782 Dindorf
1567 2737 1726 2781 κοίλου
1755 2737 1816 2791 A,

135 2817 251 2850 corr.
285 2804 588 2850 Casaubonus
722 2807 750 2847 8
782 2801 912 2862 ὀρθῷ
942 2817 991 2846 τε
1028 2800 1384 2847 Stadtmueller:
1415 2802 1591 2847 αἴθωνι
1621 2802 1667 2846 A
1789 2806 1817 2847 9

135 2867 213 2916 ἐπὶ
235 2876 323 2929 γῆν
346 2871 409 2927 A,
432 2866 509 2916 ἔπ’
529 2869 679 2928 ἄγρην
704 2867 1051 2925 Stadtmueller‚
1083 2866 1210 2912 idem
1225 2866 1480 2926 θηρήματα
1549 2866 1735 2927 βάλλειν
1760 2867 1815 2914 0:

136 2934 314 2996 βάλλων
344 2937 392 2982 A

1463 3011 1518 3052 10
1525 3006 1550 3034 ⁸
