2038 3140
874 142 938 147 —-
1024 111 1125 162 106
1210 142 1270 147 -—
1575 130 1910 164 monRTORVM

229 250 518 298 Vinolentos
544 248 814 296 certamina
837 247 1007 295 iniisse
1032 247 1232 309 aurigas
1267 247 1485 295 cernitur
1510 247 1661 295 etiam
1685 263 1743 294 ex
1767 264 1812 294 v.
1839 249 1908 294 24

227 322 548 396 (οἰνοβαρές).
655 323 723 376 V.
775 323 853 376 20
907 327 1112 374 ridicule
1167 327 1447 374 deflectitur
1501 327 1776 375 clarissima
1821 327 1911 374 illa

226 411 424 473 generis
463 410 668 457 humani
707 425 818 456 cum
857 408 990 456 foliis
1022 409 1255 455 arborum
1295 408 1598 468 comparatio
1637 408 1909 455 homerica:

225 492 459 539 foliorum
499 490 659 538 instar
697 490 937 552 aurigarii
972 506 997 537 e
1031 489 1256 536 curribus
1297 488 1628 536 deturbantur
1652 495 1911 551 tamquam

225 573 374 619 vento
409 571 607 632 abrepti
639 564 724 636 (cf.
749 566 928 633 ἄνεμος
952 587 996 618 v.
1027 572 1093 617 14
1121 571 1170 617 et
1199 562 1313 631 16);
1354 585 1480 631 quae
1512 569 1814 631 comparatio
1846 570 1909 616 ad

224 651 503 714 aurigarios
551 651 750 700 detorta
798 666 854 699 eo
894 650 1055 712 magis
1094 651 1251 698 risum
1289 653 1477 713 movet,
1524 651 1656 711 quod
1693 651 1907 698 alterum

224 733 357 795 quod
388 734 463 780 est
503 733 632 794 apud
664 732 937 780 Homerum
968 731 1262 794 membrum,
1302 728 1422 780 ἄλλα
1462 727 1513 778 δέ
1551 725 1606 779 θ’
1643 729 1736 793 ὕλη
1775 733 1907 793 τηλε-

221 811 397 860 θόωσα
444 811 586 876 φύει,
633 813 868 860 nimirum
915 813 977 859 ad
1023 811 1220 859 irritum
1268 812 1528 875 redigitur.
1612 805 1679 859 V.
1723 805 1797 859 22
1848 811 1908 858 de

221 909 340 942 voce
376 890 666 957 ἀμφοτέρων
707 893 996 955 explicanda
1028 893 1234 955 despero
1269 893 1511 956 equidem,
1553 909 1666 941 cum
1697 892 1908 940 duarum

225 976 524 1023 certantium
555 975 826 1023 factionum
850 975 989 1022 nulla
1012 975 1199 1022 mentio
1232 975 1507 1022 antecedat.
1562 973 1814 1021 Diltheius
1847 972 1908 1019 de

222 1056 414 1103 duobus
452 1056 716 1117 aurigariis
758 1056 1078 1117 cogitaverat,
1119 1057 1204 1116 qui
1241 1073 1285 1104 v.
1313 1071 1382 1116 sq.
1424 1056 1723 1103 altercantes
1763 1054 1906 1102 indu-

222 1139 419 1196 cuntur,
452 1138 598 1184 nimis
628 1136 883 1199 audacter,
916 1137 1087 1198 itaque
1111 1136 1319 1183 Homeri
1342 1136 1683 1184 recordatione
1707 1135 1908 1183 videtur

221 1218 430 1264 verbum
469 1218 729 1278 expulsum
762 1231 871 1265 esse
904 1217 1035 1278 quod
1071 1217 1369 1264 certantium
1400 1217 1652 1264 notionem
1683 1216 1906 1263 referret.

220 1291 288 1345 V.
326 1292 400 1344 23
434 1298 610 1359 incipit
640 1298 852 1346 duorum
885 1298 1175 1360 aurigarum
1206 1298 1464 1346 altercatio
1497 1297 1596 1344 iam
1627 1296 1690 1344 ad
1721 1298 1906 1344 metam

223 1378 728 1440 appropinquantium
760 1379 948 1442 aurigis
981 1381 1032 1426 et
1064 1378 1203 1440 equis
1229 1394 1382 1440 aeque
1407 1377 1749 1439 perniciosam.
1803 1375 1904 1424 Ve-

219 1459 417 1507 rissime
444 1454 574 1507 enim
600 1458 1018 1507 Stadtmuellerus
1050 1477 1095 1508 v.
1124 1460 1193 1507 25
1225 1460 1451 1507 restituit
1480 1459 1529 1507 τί
1556 1454 1600 1507 δ’
1630 1455 1905 1516 ὀπιπτεύεις

218 1537 341 1587 κατὰ
386 1533 539 1603 τέρμ’
585 1537 638 1587 ἐν
684 1537 840 1605 ἀγῶνι
892 1541 1071 1589 collato
1127 1542 1184 1587 Ψ
1212 1541 1315 1589 323
1374 1537 1469 1588 αἰεὶ
1518 1534 1671 1603 τέρμ’
1716 1536 1905 1603 ὁρόων

219 1613 315 1686 (==
328 1612 512 1686 ὀπιπτ.)
538 1618 732 1684 στρέφει
755 1619 981 1686 ἐγγύθεν.
1044 1622 1241 1670 Pariter
1271 1620 1434 1668 minae
1459 1621 1520 1669 ab
1545 1621 1903 1683 Hippocoontis

216 1700 502 1749 adversario
549 1718 595 1749 v.
638 1705 703 1751 26
751 1703 964 1750 iactatae
1011 1701 1316 1764 respondent
1353 1701 1582 1750 Nestoris
1636 1703 1902 1763 praecepto

226 1783 283 1828 Ψ
309 1783 415 1830 340
434 1797 526 1843 sq.:
564 1781 714 1832 λίθου
755 1778 798 1831 δ’
837 1779 1077 1831 ἀλέασθαι
1107 1780 1357 1847 ἐπαυρεῖν,
1397 1781 1463 1845 μή
1495 1799 1600 1840 πως
1639 1780 1823 1840 ἵππους
1853 1799 1902 1830 τε

216 1860 406 1930 τρώσῃς
450 1861 571 1910 κατά
622 1858 679 1911 θ’
723 1862 915 1927 ἅρματα
960 1859 1093 1931 ἄξῃς.
1181 1857 1248 1911 V.
1297 1857 1377 1911 30
1432 1862 1706 1911 adversarii
1745 1879 1901 1925 equus

215 1943 506 2006 interpellat
520 1943 929 2007 Hippocoontem,
955 1960 984 1992 a
1001 1959 1098 2006 quo
1115 1943 1446 2004 reprehensus
1464 1946 1588 2006 erat,
1605 1942 1667 1991 ad
1684 1944 1900 2004 pulchri-

215 2024 441 2072 tudinem
473 2027 524 2072 et
553 2025 948 2087 magnitudinem
987 2040 1129 2073 suam
1166 2039 1464 2086 provocans3
1503 2026 1672 2072 tamen
1712 2027 1769 2072 ut
1803 2025 1899 2073 sibi

213 2105 331 2166 ipsi,
376 2104 449 2152 ita
488 2106 701 2166 superbo
741 2121 936 2168 quoque
975 2105 1259 2153 adversario
1301 2106 1363 2152 ad
1401 2107 1587 2152 metam
1626 2105 1895 2167 perniciem

213 2185 483 2233 imminere.
554 2187 630 2234 Ab
670 2187 763 2236 hoc
800 2204 897 2237 uno
937 2203 1178 2250 equorum
1216 2185 1517 2247 castigatore
1555 2202 1599 2234 v.
1626 2187 1694 2235 33
1736 2202 1894 2249 equus

215 2265 276 2313 ad
302 2281 472 2315 omnes
496 2282 549 2315 se
573 2267 820 2316 convertit
844 2270 1148 2329 spectatores
1173 2260 1260 2334 (cf.
1278 2264 1406 2329 ὑμᾶς
1431 2263 1650 2314 ἐνθάδε
1673 2265 1900 2326 πάντας

215 2349 267 2395 et
289 2345 569 2410 καθήμενοι
590 2343 804 2396 ἄλλοθεν
827 2341 1009 2415 ἄλλος).
1049 2342 1118 2397 V.
1141 2341 1220 2397 34
1245 2343 1514 2410 ὁπλήεντας
1537 2347 1681 2396 docet
1695 2347 1898 2396 Wachs-

214 2426 437 2475 muthius
462 2443 561 2476 non
591 2443 621 2476 a
642 2428 839 2477 nomine
871 2426 1042 2491 ὅπλον,
1074 2429 1162 2478 sed
1193 2443 1224 2477 a
1253 2429 1451 2477 nomine
1482 2423 1624 2490 ὁπλή,
1658 2422 1900 2492 ‘ungula',

215 2507 539 2555 derivandum
563 2523 694 2557 esse:
724 2509 946 2572 proclive
970 2509 1091 2558 dicit
1114 2524 1271 2571 equus
1295 2507 1580 2557 hominibus
1604 2522 1714 2556 esse
1744 2523 1898 2570 equos

215 2587 502 2651 obiurgare3
527 2604 557 2636 a
580 2604 678 2652 qua
694 2590 1040 2654 obiurgatione
1055 2590 1162 2639 fore
1179 2592 1236 2638 ut
1249 2589 1327 2637 illi
1340 2588 1565 2651 protinus
1583 2586 1899 2653 desisterent,

213 2667 256 2715 si
294 2667 392 2730 ipsi
421 2669 622 2732 ungulis
662 2673 830 2718 essent
866 2670 1096 2733 praediti,
1133 2671 1165 2718 i.
1198 2686 1238 2720 e.
1278 2669 1392 2732 equi
1430 2670 1611 2718 essent.
1670 2668 1896 2731 Denique

214 2748 380 2797 Herae
410 2764 604 2813 nomen,
636 2753 695 2798 ut
723 2754 893 2800 monet
911 2750 1339 2813 Wachsmuthius,
1369 2751 1519 2813 poeta
1547 2749 1658 2797 ideo
1682 2749 1906 2798 fortasse.

215 2843 275 2876 ex
327 2830 552 2893 exemplo
607 2831 855 2880 homerico
909 2831 1117 2880 retinuit
1131 2869 1143 2892 ,
1197 2832 1256 2879 ut
1307 2832 1380 2879 in.
1413 2829 1550 2878 illius
1605 2830 1896 2893 cognomine

211 2901 453 2971 ὁπλοσμία
489 2911 720 2974 ambigue
759 2912 968 2961 luderet.
1056 2906 1125 2962 V..
1166 2906 1245 2961 36
1291 2911 1356 2960 ad
1395 2912 1734 2974 spectatorum
1772 2913 1894 2961 vota
