2038 3140
121 130 411 165 PrrANAEvs
786 141 848 149 -
929 110 998 163 57
1079 139 1146 147 —

123 248 293 310 sortiS,
340 248 537 309 inopiae
583 249 732 310 atque
780 246 1042 310 egestatiS,
1091 262 1149 295 ex
1195 247 1302 308 ipso
1352 245 1588 296 Convivio
1637 247 1807 297 Attico

122 329 357 378 discimus
406 322 474 394 (v.
512 330 542 376 3
590 331 641 377 et
689 330 753 376 91
785 323 894 395 sq.)
972 328 1169 376 Pariter
1215 344 1312 390 quo
1358 331 1582 390 tempore
1628 330 1810 378 vixerit

121 409 279 471 ipsius
302 412 480 471 poetae
511 410 810 459 testimoniis
842 409 1135 459 ostenditur.
1191 409 1321 458 Nam
1354 425 1464 457 cum
1495 410 1555 458 fr.
1580 409 1653 457 VI
1676 411 1809 458 inter

121 490 246 538 alios
285 490 546 538 Euboeum
578 491 781 539 Parium
819 491 1041 539 nominet
1079 493 1137 538 ut
1175 491 1279 539 vita
1318 491 1622 551 defunctum,
1661 507 1809 553 quem

120 570 276 619 fuisse
308 570 452 620 docet
474 571 764 620 Athenaeus
788 570 880 621 XV
907 571 1053 620 6982,
1083 570 1302 633 Philippi
1325 572 1650 621 Macedonum
1674 572 1809 634 regis

120 652 445 714 temporibus,
468 656 602 702 recte
619 651 911 701 Welandius
936 668 983 712 p.
1005 653 1073 699 34
1099 653 1291 715 colligit
1308 654 1588 703 Matronem
1613 669 1809 716 quoque

121 733 249 781 circa
286 733 505 795 Philippi
544 735 771 796 tempora
819 735 901 783 vel
946 735 1096 796 paulo
1151 736 1266 795 post
1310 734 1508 782 vixisse.
1585 734 1810 782 Eandem

119 813 224 863 fere
271 814 324 862 in
370 817 588 863 aetatem
635 815 925 863 deducimur
970 815 1164 863 ratione
1210 814 1384 863 habita
1432 830 1601 862 earum
1645 830 1810 876 perso-

118 910 324 955 narum,
380 910 504 957 quae
560 910 590 943 a
635 895 822 957 parodo
868 895 921 943 in
969 894 1206 944 Convivio
1262 895 1586 944 inducuntur:
1643 910 1808 957 quam-

121 991 268 1039 quam
317 993 376 1024 ex
421 977 673 1025 mentione
721 977 827 1025 eius
883 978 969 1038 qui
1016 991 1189 1025 cenam
1241 976 1526 1038 apparavit,
1578 976 1810 1024 Xenoclis

118 1057 442 1107 Atheniensis
473 1057 689 1107 rhetoris
701 1051 766 1123 l),
798 1057 924 1105 nihil
955 1058 1019 1106 ad
1051 1073 1160 1105 eam
1192 1072 1303 1106 rem
1329 1057 1507 1106 elicere
1530 1072 1810 1118 possumus,

120 1138 308 1187 Maiore
333 1153 445 1186 cum
467 1138 636 1187 fructu
662 1153 959 1201 quaeremus
985 1138 1044 1185 de
1070 1136 1449 1200 Chaerephonte
1474 1140 1526 1187 et
1549 1138 1810 1199 Stratocle,

121 1235 331 1282 quorum
369 1219 504 1281 prior
542 1236 588 1268 v.
616 1222 645 1268 9
689 1222 740 1268 et
782 1220 847 1267 98
890 1218 1058 1280 prodit
1096 1219 1307 1280 parasiti
1338 1235 1491 1282 agens
1531 1234 1810 1282 personam,

122 1301 251 1348 alter
298 1317 342 1349 v.
383 1302 454 1349 30
503 1316 615 1349 cum
660 1301 769 1362 ipso
815 1301 1043 1349 Matrone
1099 1300 1160 1348 de
1206 1300 1349 1347 mulli
1396 1300 1559 1362 capite
1614 1302 1810 1348 certans

118 1381 350 1443 idemque
373 1397 418 1430 v.
448 1383 550 1429 122
577 1380 922 1429 meretriculas
946 1380 1197 1430 inducenS.
1252 1381 1319 1429 Et
1342 1382 1472 1429 hunc
1498 1381 1697 1443 quidem
1720 1396 1811 1442 pro

122 1464 255 1511 certo
294 1462 535 1510 habemus
574 1461 730 1510 fuisse
771 1460 1069 1510 Stratoclem
1107 1463 1381 1523 rhetorem,
1422 1462 1507 1523 qui
1541 1461 1810 1510 Plutarcho

121 1536 364 1610 (Demetr.
397 1535 641 1609 11—26)
682 1545 813 1592 teste
844 1542 1099 1605 Antigono
1139 1545 1188 1591 et
1226 1542 1482 1591 Demetrio
1523 1542 1811 1605 turpissime

123 1623 356 1674 adulatus
396 1623 561 1672 omnia
598 1624 710 1673 iura
748 1623 917 1673 divina
955 1626 1005 1672 et
1042 1624 1262 1672 humana
1291 1623 1598 1686 permiscuit.
1607 1616 1653 1689 2)
1717 1622 1813 1681 Qui

121 1720 220 1754 non
269 1705 430 1753 solum
475 1704 721 1753 mensium
769 1705 962 1753 dierum
999 1705 1267 1767 phylarum
1307 1721 1560 1753 sacrorum
1599 1704 1812 1766 denique

119 1785 322 1834 nomina
345 1785 397 1832 in
420 1786 620 1833 illorum
643 1785 881 1833 honorem
905 1785 1136 1846 mutavit,
1162 1786 1248 1833 secl
1272 1800 1335 1833 ne
1358 1785 1588 1833 fanorum
1612 1785 1812 1848 quidem

122 1866 379 1916 sanctitati
416 1865 653 1928 pepercit,
694 1881 806 1914 cum
835 1866 922 1913 illo
955 1865 1196 1914 suadente
1227 1866 1558 1914 Parthenonis
1590 1866 1812 1928 opistho-

121 1949 297 1997 domus
315 1947 570 1996 Demetrio
596 1947 935 1997 deversorium
960 1946 1022 1995 ab
1036 1946 1428 1995 Atheniensibus
1447 1947 1811 1996 decerneretur.

123 2030 339 2092 Propter
368 2028 491 2076 haec
522 2029 575 2077 et
605 2027 706 2076 alia
735 2028 886 2090 impie
917 2028 1052 2076 facta
1082 2028 1322 2077 acerrime
1354 2043 1468 2076 eum
1499 2030 1811 2078 consectatus

122 2112 200 2160 est
227 2107 538 2171 Philippides
570 2107 786 2157 comicus
820 2101 975 2174 (Plut.
1006 2108 1148 2158 Dem.
1184 2110 1249 2156 12
1293 2110 1344 2157 et
1384 2110 1476 2172 243
1514 2108 1590 2156 IV
1613 2109 1722 2157 474
1741 2123 1811 2170 sq.

123 2183 296 2255 Mein.)
338 2189 479 2238 cuius
518 2203 693 2238 versus

389 2266 415 2318 ὁ
454 2265 544 2331 τὴν
581 2265 851 2333 ἀκρόπολιν
888 2268 1186 2318 πανδοκεῖον
1223 2266 1492 2333 ὑπολαβών

388 2346 471 2397 καὶ
508 2346 594 2407 τὰς
632 2346 822 2414 ἑταίρας
860 2347 1135 2416 εἰσαγαγὼν
1173 2356 1229 2417 τῇ
1269 2347 1506 2419 παρθένῳ

243 2464 286 2519 1)
319 2460 507 2507 Tertius
531 2459 572 2503 is
596 2461 670 2504 est
691 2459 820 2504 haud
840 2459 983 2504 dubie
1007 2473 1167 2505 eorum
1191 2474 1308 2516 quos
1327 2462 1541 2506 recenset
1558 2460 1815 2506 scholiasta.

120 2527 361 2584 Aristoph.
391 2526 510 2570 Ran.
543 2531 621 2571 86:
661 2524 749 2571 εἰσὶ
781 2524 856 2583 δέ,
887 2528 1026 2583 φασί,
1059 2527 1145 2571 δύο
1177 2528 1446 2584 Ξενοκλεῖς,
1475 2526 1708 2588 τραγῳδοὶ
1737 2543 1814 2586 γε·

122 2592 322 2652 γονότες.
385 2594 537 2650 τρίτος
567 2589 620 2636 δὲ
652 2592 834 2644 τούτυις
871 2587 997 2637 ἐστὶν
1035 2591 1278 2651 ὁμώνυμος
1307 2592 1564 2649 πολιτικός,
1599 2591 1812 2638 Φαΰλλου

123 2661 208 2716 (sic
230 2658 493 2704 Meinekius
521 2658 650 2703 CGF
681 2658 703 2701 Ι
731 2673 777 2716 p.
802 2662 888 2704 516
920 2659 1027 2703 adn.
1059 2672 1145 2716 pro
1177 2659 1380 2716 φαύλου)
1411 2657 1498 2716 μὲν
1526 2657 1718 2717 πατρός,
1746 2663 1812 2720 τῷ

123 2724 175 2770 δὲ
208 2725 339 2785 δήμῳ
372 2726 482 2782 (τῶν
514 2722 566 2770 δὲ
599 2723 761 2781 δήμων
791 2723 951 2780 Mein.)
981 2724 1262 2782 Χολαργεύς.

242 2793 287 2848 2)
320 2791 389 2836 Cf.
420 2790 677 2847 Procopius
710 2804 784 2847 ap.
812 2789 991 2834 Maium
1021 2790 1157 2837 Auct.
1189 2790 1333 2836 Class.
1357 2789 1424 2836 IV
1452 2805 1498 2847 p.
1516 2794 1620 2847 224,
1650 2790 1813 2836 Ruhn-

121 2857 288 2904 kenius
320 2856 383 2902 ad
405 2856 552 2902 Rutil.
577 2857 691 2915 Lup.
717 2871 762 2914 p.
782 2860 853 2912 34,
884 2856 1162 2902 Welandius
1192 2855 1268 2902 1.1.
1292 2871 1340 2914 p.
1357 2861 1413 2903 35
1431 2870 1516 2914 sq„
1547 2856 1812 2903 Meinekius

122 2922 249 2968 CGF
281 2922 346 2968 IV
368 2926 457 2969 474
473 2937 541 2980 sq.
