2038 3140
885 151 946 157 —
1033 121 1136 172 190
1215 151 1278 159 —
1416 141 1700 175 ARCHESTR.
1731 142 1924 175 HEDYP.

240 250 525 303 crocodilo'.
620 257 690 303 At
743 257 1022 304 inauditum
1073 259 1148 304 est
1196 271 1303 305 esse
1355 258 1407 305 in
1460 257 1600 306 Ionia
1646 259 1918 308 crocodilos

236 350 327 385 nec
381 338 549 397 potest
597 338 858 399 quisquam
906 338 965 385 de
1019 337 1218 399 lacertis
1274 337 1493 399 cogitare
1546 339 1633 400 qui
1687 339 1919 388 crocodili

236 418 501 464 terrestres
527 432 556 464 a
587 418 841 466 veteribus
869 419 1190 467 vocabantur.
1247 417 1382 474 Quae
1417 420 1581 467 omnia
1611 421 1760 481 plana
1791 419 1920 468 fiunt

235 513 428 545 mecum
468 514 557 560 pro
599 498 863 562 δαισαίμην
902 515 1014 548 cum
1052 498 1179 561 legis
1221 498 1518 563 δασσαίμηνε
1561 495 1777 562 epariter
1817 515 1917 548 cro-

235 579 447 626 codilum
503 595 671 628 assum
726 580 1079 629 distribuerem
1133 579 1308 627 Ionum
1362 580 1476 628 filiis
1530 581 1560 629 i.
1614 597 1654 629 e.
1709 581 1917 630 Milesiis

235 660 374 720 quasi
407 661 571 709 eibum
603 656 905 710 delicatum'.
960 661 1201 708 Liobatus
1235 660 1366 708 enim
1400 664 1450 709 et
1479 661 1585 709 raia
1615 662 1724 723 pari
1755 663 1918 710 carnis

234 741 416 789 duritie
454 745 631 803 poetae
670 743 969 792 videbantur
1007 744 1160 804 atque
1199 741 1484 790 crocodilus.

345 821 629 870 XXXXVII
670 824 821 871 etiam
860 825 991 872 hunc
1030 824 1134 871 fere
1174 823 1226 869 in
1263 822 1463 870 modum
1494 824 1663 883 potest
1694 823 1914 871 restitui:

233 901 478 967 βάτραχον
510 899 619 952 ἔνθ’
650 900 713 951 ἂν
746 903 871 973 ἴδῃς,
904 901 1037 953 ὠνοῦ
1069 901 1151 951 καὶ
1173 902 1403 968 γάστριον
1427 900 1579 951 αὐτοῦ
1616 902 1621 963 Ι
1658 901 1919 952 σκεύασον..

232 983 483 1032 Probatur
522 986 674 1033 etiam
706 986 979 1047 Antiphani
1020 979 1094 1051 (H
1127 985 1193 1033 65
1227 976 1390 1049 Kock)
1431 983 1676 1048 βατράχου
1716 982 1911 1048 γαστήρ.

343 1065 653 1114 XXXXVIII
706 1067 832 1114 Vide
872 1082 1024 1127 supra
1060 1083 1108 1128 p.
1143 1067 1263 1113 135.

342 1145 598 1194 XXXXIX
650 1148 779 1195 Vide
812 1162 963 1209 supra
993 1165 1039 1208 p.
1069 1147 1188 1194 135.
1244 1145 1531 1206 Metagenes
1565 1160 1641 1206 ap.
1673 1144 1791 1192 Ath.
1818 1144 1915 1192 VII

235 1226 379 1274 2690
422 1219 471 1292 (Ι
513 1229 615 1276 706
659 1221 821 1294 Kock)
861 1228 1163 1275 mentionem
1201 1225 1321 1274 facit
1359 1223 1536 1287 ἑφθῶν
1575 1225 1831 1291 βατίδων.μ

341 1306 381 1354 L
437 1307 566 1357 Vide
607 1324 758 1371 supra
796 1326 842 1371 p.
878 1311 983 1358 137
1027 1311 1077 1356 et
1116 1307 1177 1355 ad
1215 1307 1276 1354 fr.
1306 1306 1535 1354 XXXIII.

341 1387 436 1435 LII
474 1388 620 1438 Hunc
643 1390 827 1452 piscem
846 1389 1008 1438 Matro
1028 1403 1223 1451 quoque
1244 1386 1475 1449 repudiat
1492 1386 1654 1435 Cenae
1670 1388 1791 1436 v.81
1808 1403 1913 1450 sqq.

228 1466 530 1518 Ribbeckius
586 1486 643 1518 ex
698 1471 929 1519 Marcelle
987 1470 1158 1519 Sideta
1211 1470 1357 1517 affert
1409 1467 1564 1517 verba
1613 1467 1620 1526 Ι
1662 1465 1913 1532 μόρμυρος

229 1545 490 1612 αἰγιαλεύς.
543 1551 603 1599 In
626 1551 944 1612 proverbium
969 1551 1101 1613 apud
1127 1550 1319 1598 Atticos
1353 1549 1477 1597 abiit
1509 1543 1594 1611 ξμἰᾔ
1620 1566 1704 1611 μοι
1726 1547 1913 1613 βαιών·

232 1625 380 1687 κακὸς
421 1626 592 1694 ἰχθύς’
631 1634 761 1680 teste
801 1631 919 1679 Ath.
959 1631 1059 1679 VII
1100 1633 1259 1680 288a.

340 1708 642 1758 LIII—LV
697 1711 820 1760 Vide
860 1728 1011 1774 supra
1048 1729 1093 1774 p.
1130 1714 1249 1761 133.

342 1789 458 1838 LVI
514 1792 761 1842 Turbavit
802 1793 1104 1842 Ribbeckius
1151 1793 1470 1841 artificiosam
1515 1793 1662 1842 huius
1710 1794 1910 1857 eclogae

229 1872 634 1933 compositionem
673 1889 770 1936 qua
810 1875 974 1922 omnia
1011 1877 1162 1936 poeta
1200 1874 1459 1936 conchylia
1502 1870 1770 1935 percurrit,
1816 1874 1910 1923 hoc

229 1950 399 2000 ordine
431 1969 666 2003 versuum
698 1953 986 2002 constituto:
1029 1956 1186 2015 1—3,
1229 1956 1386 2017 6—9,
1422 1955 1468 2017 5,
1501 1955 1549 2003 4.
1606 1954 1911 2003 Brevissime

230 2032 361 2079 enim
400 2037 567 2083 cetera
607 2049 900 2082 enumerans
941 2034 1003 2082 ad
1033 2020 1252 2097 κήρυκας
1282 2037 1431 2096 poeta
1462 2035 1727 2098 contendit,
1766 2035 1908 2084 cuius

226 2115 359 2163 vocis
416 2115 742 2179 ambiguitate
794 2116 971 2164 ludens
1026 2106 1331 2177 digressione
1383 2116 1518 2164 facta
1570 2117 1770 2177 praeter
1825 2131 1908 2164 ex-

229 2197 589 2258 spectationem
612 2195 932 2260 Agathonem
964 2197 1176 2245 amicum
1199 2196 1435 2244 Lesbium
1458 2199 1712 2245 memorat.
1754 2195 1910 2245 Cuius

227 2277 301 2325 rei
349 2293 520 2326 omnes
566 2278 642 2327 vis
687 2276 1046 2340 infringeretur
1093 2278 1134 2326 si
1179 2280 1329 2339 poeta
1373 2279 1556 2326 iterum
1601 2278 1663 2325 ad
1711 2277 1909 2340 singula

227 2358 486 2421 conchylia
503 2359 852 2407 *enumeranda
881 2357 1078 2406 rediret.
1139 2357 1243 2407 Nec
1273 2359 1416 2408 video
1450 2373 1545 2419 quo
1576 2359 1722 2419 pacto
1753 2357 1908 2407 verba

227 2435 484 2496 πλείστους
532 2434 576 2486 δ’
622 2434 900 2503 Ἀμβρακίη
939 2435 1136 2503 παρέχει
1185 2436 1268 2486 καὶ
1313 2434 1502 2487 ἄπλατα
1547 2431 1647 2500 μετ’
1690 2435 1853 2486 αὐτῶν
1895 2430 1906 2503 1

227 2517 383 2582 τήθεα
428 2517 704 2583 Καλχηδών
750 2520 944 2581 possint
991 2519 1122 2567 verti
1176 2513 1283 2566 ‘die
1329 2518 1541 2567 meisten
1586 2517 1743 2566 bietet
1787 2518 1907 2566 Am·
1996 2567 1998 2570 ,

225 2600 417 2663 bracia,
463 2600 564 2647 und
603 2615 776 2649 ausser
814 2601 932 2648 ihm
970 2599 1258 2648 Kalchedon
1305 2599 1432 2647 auch
1471 2598 1598 2646 noch
1637 2599 1906 2662 gewaltige
1996 2661 1999 2667 .

227 2675 486 2743 Austern',
524 2696 637 2729 cum
676 2678 839 2729 αὐτῶν
878 2696 977 2729 11011
1016 2680 1178 2742 possit
1207 2679 1306 2728 nisi
1337 2679 1400 2728 ad
1428 2677 1682 2736 πλείστους
1713 2679 1904 2728 referri.

228 2760 458 2825 Catalogi
516 2761 700 2811 similes
757 2762 995 2824 leguntur
1049 2761 1182 2823 apud
1233 2760 1587 2822 Epicharmum
1640 2756 1693 2806 ἐν
1739 2755 1908 2824 ““Ήβας

226 2841 364 2910 γάμῳ
403 2837 544 2906 (Ath.
575 2842 653 2891 III
694 2844 799 2892 850
836 2843 895 2891 fr.
926 2845 951 2890 1
987 2834 1142 2908 Lon),
1181 2840 1474 2903 Philyllium
1514 2830 1654 2904 (Ath.
1678 2839 1755 2887 III
1793 2843 1904 2890 86e

226 2943 295 2961 =
321 2922 347 2969 I
374 2924 475 2972 785
511 2916 698 2989 Kook):
740 2919 975 2987 ὄστρειον,
1010 2921 1016 2981 Ι
1051 2920 1223 2985 χήμας,
1254 2919 1484 2979 λεπάδας,
1517 2921 1758 2982 σωλῆνας,
1790 2926 1904 2985 μῦς,
