2038 3140
1004 651 1118 709 VII

673 767 1171 828 FRAGMENTA
1220 767 1460 825 DVBIA

1006 912 1147 989 Iab-

334 1021 462 1068 Bina
501 1020 858 1068 versiculorum
892 1020 1108 1067 frustula
1141 1020 1202 1067 ab
1235 1020 1506 1068 Aristotele
1541 1019 1711 1068 eodem
1745 1019 1907 1081 capite

231 1105 293 1150 21
331 1102 574 1163 Poeticae,
615 1102 691 1148 cui
730 1101 1067 1163 fragmentum
1107 1101 1350 1148 incertum
1388 1101 1460 1148 VI
1499 1101 1722 1163 debetur,
1759 1101 1907 1161 paulo

224 1183 355 1230 infra
394 1183 564 1229 adlata
603 1184 808 1243 propter
846 1181 980 1228 illius
1021 1197 1195 1229 versus
1234 1182 1467 1229 viciniam
1515 1181 1719 1242 originis
1766 1197 1909 1243 paro-

227 1264 363 1311 dicae
404 1279 512 1311 esse
553 1263 963 1310 Wachsmuthius
1005 1262 1302 1323 suspicatur.
1948 1245 1953 1252 ⁸

910 1408 1229 1442 FRAGMENTA

702 1532 709 1535 .
1053 1497 1084 1530 a

490 1569 671 1636 χαλκῷ
714 1565 816 1618 ἀπὸ
857 1565 1042 1634 ψυχὴν
1082 1565 1288 1633 ἀρύσας

845 1772 1024 1840 τεμών
1065 1771 1231 1839 <μιν>
1271 1769 1473 1840 ἄτειρέι
1511 1775 1692 1842 χαλκῷ

728 1924 928 1956 HOMERI
966 1922 1161 1957 VERSVS
1202 1921 1388 1955 SIMILIS

259 1995 340 2033 τοῦ
374 1988 418 2033 δ’
452 1989 545 2033 ἀπὸ
579 1985 664 2046 μὲν
696 1992 904 2045 γλῶσσαν
935 1987 1153 2047 πρυμνὴν
1183 1987 1298 2045 τάμε
1331 1987 1499 2044 χαλκὸς
1532 1986 1719 2045 ἀτειρής
1757 1991 1798 2031 Ε
1823 1993 1908 2033 292

894 2128 1247 2163 TESTIMONIVM

338 2203 542 2252 Aristot.
567 2205 699 2264 poet.
729 2204 811 2264 21,
835 2220 880 2264 p.
911 2203 1094 2252 1457b
1124 2205 1212 2251 13:
1253 2197 1338 2250 ἀπ’
1375 2200 1540 2259 εἴδους
1573 2198 1624 2250 δὲ
1656 2199 1733 2250 ἐπὶ
1766 2195 1912 2264 εἶδος,

232 2278 339 2333 οἷον
379 2285 605 2351 «χαλκῷ
639 2310 708 2316 —-
741 2281 997 2348 ἀρύσας»
1045 2281 1128 2331 καὶ
1175 2279 1398 2347 «τεμὼν
1434 2308 1496 2315 --
1533 2285 1778 2350 χαλκῷ>>·
1834 2280 1912 2331 ἐν-

231 2368 397 2413 ταῦθα
426 2362 518 2429 γὰρ
542 2362 594 2412 τὸ
620 2360 708 2426 μὲν
732 2362 912 2428 ἀρύσαι
935 2367 1121 2426 ταμεῖν,
1149 2361 1202 2412 τὸ
1228 2359 1281 2411 δὲ
1303 2366 1473 2426 ταμεῖν
1497 2359 1677 2426 ἄρύσαι
1699 2361 1911 2426 εἴρηκεν·

232 2441 381 2507 ἄμφω
412 2442 505 2509 γὰρ
536 2442 737 2506 ἀφελεῖν
768 2461 812 2493 τι
843 2443 984 2494 ἐστίν.
1048 2445 1108 2492 In
1139 2444 1198 2492 fr.
1223 2445 1255 2492 b
1289 2439 1446 2508 <μιν>
1479 2444 1638 2505 suppl.
1664 2443 1909 2492 Wachsm.

1047 2651 1104 2705 II

343 2760 423 2808 Ad
460 2760 590 2808 idem
629 2759 890 2808 Plutarchi
936 2759 1067 2822 quod
1107 2761 1240 2809 esset
1278 2774 1476 2808 carmen
1513 2757 1810 2805 didacticum
1849 2758 1914 2806 ad·

234 2842 366 2903 quod
412 2841 752 2903 fragmentum
797 2842 1043 2890 incertum
1088 2840 1160 2888 IX
1209 2855 1360 2902 supra
1405 2838 1631 2886 adlatum
1680 2839 1912 2901 pertinet,

233 2921 324 2970 hos
364 2936 558 2984 quoque
604 2937 778 2971 versus
820 2920 1022 2971 Crusius
1068 2921 1244 2982 refert,
1299 2935 1421 2983 quos
1459 2918 1759 2968 Plutarchus
1805 2919 1911 2982 ipse
