2038 3140
135 105 453 139 FRAGMENTA
800 118 867 124 —
946 87 1015 140 93
1099 118 1159 124 -—

209 323 269 375 oc
303 319 404 391 μὲν
444 323 550 392 γὰρ
592 322 659 390 δὴ
699 322 922 389 πάντες,
963 321 1086 374 ὅσοι
1125 323 1300 393 πάρος
1337 319 1481 391 ἦσαν
1520 325 1758 393 ἄριστοι,

208 411 451 479 Εὔβοιός
490 430 548 463 τε
586 408 678 463 καὶ
709 407 1043 479 Ἑρμογένης
1082 411 1200 463 δῖοί
1235 430 1292 464 τε
1337 414 1626 480 Φίλιπποι,

209 498 268 550 οἱ
301 495 402 567 μὲν
443 499 511 567 δὴ
551 503 784 551 τεθνᾶσι
824 495 915 550 καὶ
954 498 1037 550 εἰν
1072 492 1258 551 Ἀίδαο
1302 500 1573 568 δόμοισιν.

208 588 321 639 ἔστι
362 584 422 639 δέ
462 605 544 649 τις
583 587 911 652 Κλεόνικος,
954 585 1019 638 ὃν
1060 585 1340 651 ἀθάνατος
1378 588 1507 657 λάχε
1546 596 1742 658 γῆρυς,

134 689 160 727 5
211 675 337 728 οὔτε
375 674 673 743 πονητάων
712 673 976 743 ἀδαήμων
1016 673 1143 727 οὔτε
1184 673 1464 746 θεάτρων,

231 755 253 779 ἓ·
368 761 381 784 x
627 771 650 782 u
890 770 911 782 ω
1405 766 1419 782 ι

211 783 254 835 ῳ
294 783 386 816 και
425 769 714 816 τεθνειωτι
753 766 942 815 λαλειν
981 764 1117 830 πόρε
1162 766 1555 832 Φερσεφονεια.

631 915 829 948 HOMERI
868 914 1100 948 DETORTI
1139 914 1332 949 VERSVS

132 981 198 1024 V[
288 987 309 1025 1
346 979 394 1025 οἷ
421 980 507 1039 μὲν
540 981 628 1039 γὰρ
661 981 718 1037 δὴ
751 980 945 1036 πάντες,
978 980 1078 1026 ὅσοι
1109 980 1260 1038 πάρος
1289 976 1409 1037 ἦσαν
1442 982 1621 1039 ἄριστοι
1654 987 1792 1028 [1825

285 1053 310 1092 2
343 1047 426 1091 καὶ
455 1046 650 1104 Λέλεγες
681 1046 764 1091 καὶ
793 1047 1046 1099 Καύκωνες
1076 1049 1179 1092 δῖοί
1203 1064 1253 1092 τε
1287 1050 1526 1104 Πελασγοί
1550 1052 1693 1094 K429

286 1119 312 1158 3
345 1112 391 1158 εἰ
419 1112 465 1158 δ’
494 1113 585 1170 ἤδη
618 1116 817 1158 τεθνᾶσι
848 1113 927 1158 καὶ
960 1112 1030 1159 εἰν
1058 1112 1209 1158 Ἀίδαο
1241 1113 1453 1172 δόμοισιν
1485 1117 1533 1158 X
1544 1120 1599 1159 52

284 1186 311 1223 4
345 1178 440 1224 ἔστι
472 1181 524 1224 δέ
557 1197 626 1232 τις
655 1178 895 1236 ποταμός*
927 1184 966 1223 Α
985 1185 1068 1224 722

344 1246 425 1290 τὸν
459 1245 704 1296 ἀθάνατος
734 1244 891 1290 τέκετο
928 1246 1072 1298 Ζεύς*
1106 1250 1140 1290 Β
1160 1251 1242 1290 741

343 1312 394 1356 τὸ
427 1311 514 1369 γὰρ
549 1311 748 1369 λάχομεν
780 1312 919 1369 γέρας
950 1312 1081 1369 ἡμεῖς
1108 1315 1114 1364 Ι
1143 1317 1184 1355 Δ
1203 1317 1259 1356 49
1322 1313 1498 1369 γῆρυς*
1530 1316 1571 1356 Δ
1590 1317 1673 1358 437

285 1386 310 1424 5
344 1381 398 1424 οὐ
432 1379 518 1436 γάρ
551 1396 594 1422 τι
625 1377 837 1435 πληγέων
869 1378 1096 1435 ἀδαήμων
1130 1377 1240 1423 οὐδὲ
1274 1378 1455 1437 βολάων
1488 1396 1512 1435 ρ
1532 1383 1617 1423 283

284 1451 310 1489 6
342 1450 404 1505 τῷ
438 1445 519 1488 καὶ
550 1447 795 1489 τεθνειῶτι
828 1442 940 1488 νόον
971 1443 1086 1502 πόρε
1122 1443 1448 1501 Περσεφόνεια
1480 1449 1611 1490 κ494

802 1582 1160 1619 TESTIMONIVM

247 1658 319 1706 VI
357 1658 476 1707 Ath.
508 1657 602 1705 XV
635 1659 701 1706 69
711 1660 739 1707 7
753 1673 800 1706 e:
853 1654 937 1705 καὶ
982 1654 1104 1705 κατὰ
1149 1654 1234 1706 τὸν
1287 1655 1522 1727 παρῳδὸν
1566 1657 1826 1722 Μάτρωνα

135 1753 162 1785 (<
176 1737 235 1788 οἵ
284 1735 389 1802 μὲν
427 1765 499 1772 —
543 1740 658 1803 Φερ
669 1751 727 1787 σε
738 1757 776 1801 φ
787 1736 910 1787 όνει
921 1752 1000 1786 α».
1086 1738 1249 1787 Affert
1301 1753 1475 1789 versus
1529 1739 1823 1789 Eustathius

140 1822 298 1885 1665,
332 1821 416 1870 34.

698 1950 955 1985 VARIETAS
995 1952 1267 1987 LECTIONIS

258 2019 320 2062 VI
350 2024 376 2063 2
410 2017 510 2071 δῖός
539 2034 587 2063 τε
623 2019 849 2069 Φίλιππος
881 2017 957 2075 (cf.
989 2021 1044 2062 M
1067 2021 1142 2075 21)
1183 2019 1260 2064 vel
1290 2019 1492 2078 Εὔβοιοί
1524 2035 1572 2064 τε
1613 2017 1692 2063 καὶ
1716 2015 1826 2074 ‘Eq-

137 2083 333 2143 μογέναι
380 2085 456 2142 (cf.
497 2089 543 2129 K
569 2085 674 2141 429)
722 2083 939 2129 Meineke
1031 2085 1145 2129 δοιὼ
1190 2085 1267 2129 vel
1320 2083 1443 2129 δοιοὶ
1489 2083 1826 2129 Stadtmueller

136 2157 163 2195 3
191 2154 419 2195 τεθνᾶσιν
442 2151 489 2195 A
607 2154 636 2194 4
662 2145 787 2194 ἐστὶν
810 2150 855 2194 A
909 2148 965 2194 ὃν
989 2149 1234 2202 ἀθάνατος
1251 2177 1303 2183 -
1322 2156 1466 2208 γῆρυς
1490 2148 1825 2194 Stadtmueller

136 2216 254 2274 (sive
295 2215 345 2268 ὃς
383 2215 632 2261 ἀθάνατον
657 2241 711 2248 -
736 2217 920 2273 γῆρυν)ε
953 2214 1202 2261 ἀθάνατον
1225 2243 1284 2249 -
1306 2222 1452 2274 γῆρας
1469 2215 1515 2260 A
1596 2221 1622 2261 6
1650 2217 1824 2274 Περσε-

136 2281 311 2340 φόνεια
342 2281 615 2328 Eustathius

778 2405 1180 2441 COMMENTAmvs

714 2470 754 2518 F
767 2487 794 2518 r
807 2486 837 2520 a
848 2487 883 2536 g
894 2489 945 2519 m
957 2487 982 2520 c
996 2488 1031 2520 n
1042 2474 1064 2521 t
1076 2488 1110 2520 u
1123 2489 1173 2520 m
1222 2471 1247 2519 I

248 2570 325 2619 De
363 2569 595 2618 universo
634 2566 916 2630 fragmento
954 2567 1069 2618 vide
1106 2585 1155 2631 p.
1188 2569 1274 2618 54.
1351 2566 1533 2616 Ostrea
1568 2581 1658 2628 per
1695 2581 1823 2615 com-

136 2650 448 2713 parationem
509 2647 734 2697 Thetidis
794 2648 974 2698 tubera
1026 2651 1173 2698 vocat
1230 2650 1288 2697 ut
1344 2647 1397 2696 in
1449 2647 1612 2696 Cenac
1664 2662 1711 2695 v.
1752 2646 1821 2695 36

135 2746 380 2794 congrum
422 2727 599 2779 Τιτυὸν
637 2727 832 2792 λίμνης;
881 2731 1084 2791 practer
1129 2729 1294 2778 locum
1332 2726 1638 2776 homericum
1675 2741 1824 2789 quem

141 2811 430 2874 subscripsi,
468 2810 767 2861 meminerat
803 2809 1020 2872 paredus
1051 2810 1236 2873 phocas
1269 2807 1299 2857 ὃ
1316 2808 1424 2859 404
1462 2807 1707 2871 appellari
1744 2803 1824 2857 νέ-

137 2889 298 2950 ποδας
334 2892 487 2955 καλῆς
524 2886 814 2954 ἁλοσύδνης.
876 2888 1084 2940 Accedit
1122 2890 1336 2954 denique
1366 2888 1499 2940 vocis
1530 2886 1661 2952 ὕδνη
1693 2888 1819 2939 deri·
