2038 3140
89 142 407 176 FRAGMENTA
730 152 791 159 —
878 122 980 175 189
1063 152 1125 160 —

90 259 183 307 An.
224 259 248 306 I
289 252 398 325 30.)
476 257 666 315 Quibus
706 258 1003 307 testimoniis
1037 257 1223 319 optime
1263 257 1583 305 illustrantur
1622 257 1773 306 verba

89 340 405 389 Archestrati
429 334 455 387 ὃ
482 337 574 404 γὰρ
599 336 745 397 τόπος
769 335 866 386 ἐστὶ
889 344 1123 396 τοιοῦτος.
1172 338 1386 386 Maxime
1413 338 1543 386 enim
1566 337 1773 386 idoneus

90 421 309 483 piscibus
348 419 552 467 marinis
593 420 730 468 lacus
771 419 927 467 duleis
967 434 1127 481 aquae
1167 419 1252 466 ubi
1292 419 1424 468 fetus
1462 419 1653 480 possint
1692 418 1772 466 de-

93 517 288 563 ponere.
380 500 459 547 Ad
511 498 762 548 θεόπαιδα
814 499 927 548 vide
983 515 1109 561 quae
1164 500 1347 548 similia
1400 501 1588 562 passim
1642 498 1775 562 apud

93 583 372 630 Matronem
410 582 648 644 leguntur
686 583 736 628 et
776 579 1030 628 Eustathii
1069 581 1420 629 testimonium.
1491 575 1561 630 V.
1597 574 1654 630 5.
1704 579 1775 627 Si-

92 661 276 710 militer
299 661 472 709 ]audat
494 661 813 709 Ambraciam
836 660 896 709 fr.
921 660 1015 708 XV
1044 665 1088 709 1.
1150 655 1220 712 V.
1245 656 1281 709 9
1307 662 1426 723 quid
1451 662 1517 710 sit
1548 664 1774 724 μαλακῶς

94 738 250 790 ὀπτᾶν
283 742 497 803 explicat
529 741 1028 804 Schweighaeuserus
1061 742 1310 791 locutione
1343 742 1639 804 Hippocrati
1669 742 1775 789 usi-

91 825 202 872 tata
240 824 440 891 μαλακῷ
471 819 589 886 πυρὶ
630 818 799 870 ὀπτᾶν.
861 821 941 870 Sic
972 822 1195 871 Philemo
1230 839 1307 884 ap.
1331 823 1448 870 Ath.
1476 823 1598 870 VIII
1632 823 1775 870 288e

101 898 176 969 (II
210 904 316 952 500
347 899 531 968 Kock):
572 902 727 962 οὕτως
767 900 993 951 ἁπαλὸν
1032 901 1191 951 ἔδωκα
1229 901 1311 951 καὶ
1348 906 1509 971 πρᾷον
1548 901 1599 950 τὸ
1638 895 1772 968 πῦρΙ

97 981 290 1033 ὀπτῶν
328 981 412 1031 τὸν
452 981 615 1047 ἰχθύν.
679 984 864 1033 Eodem
905 1000 1054 1032 versu
1091 983 1316 1049 γλίσχρης
1356 983 1776 1032 Stadtmuellerus

94 1083 185 1128 pro
225 1064 463 1130 χρηστοὺς
510 1065 642 1128 quod
689 1082 747 1114 ex
794 1082 838 1112 v.
883 1067 948 1112 12
1003 1066 1102 1113 huc
1147 1052 1361 1113 inlatum
1406 1065 1625 1125 videtur,
1681 1059 1772 1127 διχ’

94 1145 252 1209 ἅλμης
305 1147 580 1195 Meinekius
626 1149 832 1208 propter
877 1163 920 1195 v.
965 1147 1047 1193 14.
1139 1141 1208 1194 V.
1261 1140 1332 1194 12
1390 1142 1586 1211 χρηστοὶ
1631 1144 1779 1209 ἰχθῦς

96 1227 312 1289 oppositi
353 1231 470 1276 sunt
507 1227 700 1275 miseris
735 1227 836 1274 illis
870 1225 1115 1290 ἰχθυδίοις
1145 1227 1557 1292 τρισκαταράτοιςε
1596 1226 1778 1288 probos

93 1309 256 1370 pisces
290 1324 532 1370 apparare
563 1311 818 1370 nequeunt
849 1308 1160 1371 Syracusani,
1199 1309 1349 1357 immo
1381 1309 1597 1370 perdunt
1628 1309 1778 1369 atque

94 1391 434 1452 pessumdant.
511 1383 581 1438 V.
618 1383 690 1437 15
718 1405 822 1451 sqq.
861 1390 936 1436 Ex
974 1390 1185 1438 istorum
1217 1405 1439 1451 numere,
1478 1403 1600 1451 quos
1631 1390 1781 1450 poeta

96 1471 392 1531 detestatur,
430 1470 629 1519 videtur
668 1485 854 1532 coquus
895 1486 1004 1518 esse
1034 1471 1168 1532 apud
1197 1470 1511 1532 Anthippum
1543 1462 1685 1535 (Ath.
1708 1468 1780 1516 IX

96 1550 282 1600 404cd
315 1572 385 1590 =
417 1550 490 1599 IV
529 1553 635 1600 459
678 1544 849 1616 Mein.)
891 1568 935 1599 v.
969 1553 1060 1600 33:
1114 1550 1268 1620 τούτῳ
1300 1547 1563 1615 παρέθηκα
1602 1549 1780 1612 σηπίας

100 1629 184 1680 καὶ
229 1631 462 1690 τευθίδας
504 1627 511 1695 Ι
553 1629 636 1679 καὶ
679 1638 777 1681 τῶν
822 1632 1064 1697 πετραίων
1112 1631 1304 1696 ἰχθύων
1348 1637 1446 1680 τῶν
1492 1630 1728 1680 ποικίλων
1771 1624 1776 1697 Ι

97 1711 449 1777 ἐμβαμματίοις
470 1715 768 1778 γλαφυροῖσι
790 1710 1168 1780 κεχορηγημένα.
1207 1713 1347 1761 Nihil
1364 1715 1531 1761 autem
1545 1712 1597 1760 in
1611 1711 1780 1761 verbis

101 1794 300 1842 traditis
347 1794 643 1842 mutandum
691 1794 918 1844 existimo
965 1798 1024 1843 ut
1069 1794 1424 1857 grammaticae
1470 1793 1666 1856 legibus
1706 1806 1782 1840 ac-

101 1874 498 1923 commodentur:
552 1875 871 1924 anacoluthia
909 1891 1036 1938 quae
1075 1875 1256 1924 dicitur
1295 1875 1480 1938 optime
1517 1873 1784 1936 respondet

99 1956 339 2005 ridiculae
377 1957 480 2004 fere
519 1955 626 2004 irae
664 1971 762 2018 qua
807 1958 958 2018 poeta
1000 1957 1235 2006 saxatiles
1273 1957 1434 2018 pisces
1474 1956 1782 2004 condemnat.

100 2037 286 2099 Incipit
346 2038 478 2086 enim
538 2039 796 2100 tamquam
857 2031 1083 2088 dicturus
1142 2038 1211 2086 sit
1271 2044 1369 2086 τῶν
1431 2033 1484 2085 δὲ
1540 2035 1783 2101 πετραίων

25 2159 28 2161 Α
99 2116 348 2183 ἰχθυδίων
377 2116 681 2181 Συρακόσιοι
718 2117 918 2167 πάντων
957 2117 1051 2168 εἰσὶ
1079 2117 1284 2182 μάλιστα
1322 2115 1640 2181 ἐπιστήμονες
1678 2116 1784 2165 sive

101 2198 310 2263 μάλιστα
347 2195 657 2260 ἐπιστάμενοι
702 2198 963 2262 σκευασίης
1009 2192 1105 2266 (sic
1144 2215 1256 2248 cum
1294 2214 1404 2262 gen.
1443 2217 1482 2260 φ
1508 2199 1614 2247 406
1655 2193 1783 2261 ἀνὴρ

100 2277 376 2343 φόρμνγγος
414 2275 730 2341 ἐπιστάμενος
774 2276 857 2327 καὶ
894 2273 1120 2346 ἀοιδῆς),
1171 2294 1270 2342 qua
1315 2295 1375 2327 ex
1420 2277 1784 2328 constructione

107 2359 290 2408 excidit
335 2359 478 2421 quasi
522 2360 598 2407 ira
643 2359 842 2408 ablatus
882 2361 1189 2410 substituens
1228 2360 1383 2410 verba
1419 2358 1620 2408 πάντων
1660 2356 1785 2407 εἰσὶν

100 2436 293 2506 ἄριστοι
323 2436 649 2503 ἐπισταμένως
681 2439 947 2489 διαθεῖναι.
1021 2435 1090 2491 V.
1121 2434 1194 2489 18
1232 2440 1472 2506 γλίσχροις
1506 2436 1786 2504 ἡδυσματο-

0 2528 1 2531 ’
100 2521 272 2587 λήροις
308 2521 716 2570 Wachsmuthius
755 2521 847 2571 hoc
884 2539 931 2573 v.
969 2523 1033 2571 ad
1070 2523 1202 2572 viros
1241 2525 1515 2585 nugatores
1553 2522 1731 2571 relato.

216 2601 475 2650 XXXXVI
526 2600 634 2649 Iam
666 2600 988 2652 casaubonus
1020 2605 1072 2652 et
1103 2601 1602 2666 Schweighaeuserus
1635 2617 1784 2665 quae-

0 2742 7 2754 ,
105 2683 332 2734 siverunt
368 2682 627 2732 cuiusnam
665 2686 799 2732 esset
835 2683 1034 2746 generis
1079 2683 1376 2745 crocodiluS,
1421 2699 1569 2745 quem
1616 2698 1786 2731 assum

0 2808 5 2839 ξ
105 2763 160 2813 in
212 2763 401 2813 deliciis
455 2778 565 2812 esse
618 2763 795 2812 Ionum
848 2763 964 2812 filiis
1008 2766 1158 2827 poeta
1210 2763 1410 2812 diceret.
1500 2762 1580 2812 Sic
1634 2762 1788 2812 etiam

106 2843 433 2894 Ribbeckius:
494 2839 641 2893 ‘dicit
678 2843 740 2892 A.
780 2844 1063 2906 squatinam
1101 2859 1153 2893 se
1190 2843 1446 2907 praeferre
1483 2843 1641 2906 raiae,
1689 2859 1788 2907 qua

104 2939 208 2973 non
243 2924 405 2987 magis
445 2939 498 2974 se
537 2924 777 2974 delectari
814 2940 964 2987 quam
1009 2925 1095 2987 qui
1140 2924 1345 2974 Ionibus
1391 2925 1443 2973 in
1490 2924 1681 2974 deliciis
1720 2925 1788 2974 sit
