2038 3140
847 135 915 142 ——
998 106 1100 158 186
1177 137 1250 143 —
1382 127 1664 161 ARoHEsTR.
1696 130 1884 162 HEDYP.

202 238 436 287 Ceterum
461 242 539 290 hic
564 244 700 290 Iocus
725 243 1028 305 Aeschylum
1056 243 1207 303 sapit:
1247 245 1303 291 cf.
1333 245 1466 293 Pers.
1497 248 1563 294 70
1603 245 1881 310 πορθμὸν

203 317 462 382 ἀμείψας
481 317 1031 385 Ἀθαμαντίδος”Έλλας
1057 327 1105 371 et
1122 324 1238 371 ibid.
1256 327 1358 373 451
1390 323 1641 375 ἐναλίων
1666 326 1881 391 πόρων.

201 394 269 449 V.
325 397 415 450 15.
492 398 767 467 ‘Aegaeum
821 420 955 452 mare
1013 405 1138 452 dixit
1183 406 1536 455 Archestratus
1594 409 1880 471 angustiore

200 498 350 530 sensu
392 484 451 531 de
490 485 618 531 mari
657 486 787 533 circa
827 485 993 548 Aegas
1033 481 1331 535 Lesbiacas'.
1381 487 1669 536 Meinekius.

313 565 523 611 XXXVI
579 565 652 612 De
691 566 784 613 hoc
824 567 1103 628 fragmento
1145 570 1195 614 et
1234 569 1553 629 sequentibus
1586 570 1697 618 vide
1731 586 1881 632 supra

197 662 243 705 p.
290 648 407 693 136.
507 640 575 695 V.
619 642 652 693 3
700 647 884 694 retinui
938 644 1062 710 ἔχειν
1117 642 1388 711 (Dielesius
1444 650 1675 711 proponit
1725 643 1876 716 ἔδειν)

197 732 403 787 propter
463 728 520 773 fr.
569 727 805 774 XXXVII
863 731 888 775 1
954 725 1036 775 καὶ
1096 727 1294 790 θύννης
1356 727 1559 792 οὐραῖον
1614 728 1767 793 ἔχειν
1830 735 1880 778 et

196 807 462 855 XXXVIII
506 811 534 856 6
583 805 703 856 ἀλλὰ
742 811 954 871 τριταῖον
1001 806 1156 871 ἔχειν
1196 807 1456 873 σκόμβρον.
1532 810 1714 873 Recepi
1752 809 1878 859 ἔδει-ν

198 904 285 949 pro
326 886 450 952 ἔχειν
489 890 547 937 fr.
574 889 809 936 XXXVII
843 891 890 938 5.
967 884 1035 938 V.
1073 885 1109 937 9
1149 888 1423 953 πληθώρην
1464 890 1879 940 Stadtmuellerus

197 969 382 1016 collato
421 969 659 1018 Herodot.
699 969 798 1017 VII
838 972 904 1018 49
947 969 1188 1034 πληθώρη
1230 968 1509 1034 εὐπρηξίης.

307 1050 546 1097 XXXVII
600 1045 667 1099 V.
707 1045 734 1097 1
767 1067 837 1112 sq.
886 1051 1230 1113 Euthydemus
1255 1051 1577 1100 Atheniensis
1603 1049 1656 1099 ἐν
1679 1054 1744 1120 τῷ
1768 1050 1878 1116 περὶ

195 1130 403 1193 ταρίχων
449 1125 591 1197 (Ath.
631 1131 708 1178 III
758 1132 860 1178 116
881 1127 959 1193 b):
1021 1129 1231 1178 θύννων
1279 1126 1323 1178 δ’
1368 1128 1562 1194 ὡραίων
1607 1131 1878 1190 Βυζάντιον

193 1208 362 1258 ἔπλετο
403 1209 572 1273 μήτηρ.
627 1211 938 1272 Antiphanes
978 1227 1056 1272 ap.
1081 1211 1197 1259 Ath.
1222 1212 1298 1259 ΠΙ
1327 1213 1472 1260 118ᾶ
1498 1206 1571 1278 (II
1597 1215 1664 1261 43
1693 1207 1878 1278 Kock):

191 1291 463 1349 Βυζαντίας
504 1288 556 1339 δὲ
601 1291 870 1354 θυννίδος,
926 1292 1024 1340 VII
1064 1293 1203 1341 303f
1240 1286 1315 1358 (II
1355 1295 1422 1341 85
1464 1287 1651 1358 Kock):
1705 1300 1789 1356 τῆς
1827 1310 1875 1341 τε

191 1372 438 1435 βελτίστης
491 1376 693 1434 μεσαῖον
747 1371 1007 1430 θυννάδος
1059 1372 1331 1431 Βυζαντίας
1371 1373 1379 1434 Ι
1420 1370 1636 1438 τέμαχος.
1728 1368 1796 1422 V.
1839 1368 1876 1421 4

191 1453 324 1500 idem
364 1469 419 1501 ac
458 1454 517 1501 fr.
543 1454 752 1501 XXXVI
787 1457 817 1503 8
860 1455 918 1502 de
959 1470 1054 1515 quo
1097 1453 1207 1502 vide
1248 1470 1398 1516 supra
1437 1472 1484 1516 p.
1520 1457 1638 1503 136.
1715 1449 1782 1504 V.
1820 1448 1874 1505 5.

193 1534 497 1582 Ribbeckius
530 1536 722 1583 confert
744 1534 1002 1597 Aristoph.
1025 1551 1133 1597 equ·
1154 1536 1257 1582 346
1291 1533 1506 1583 θύννεια
1535 1533 1698 1599 θερμὰ
1729 1553 1876 1582 κατα-

192 1613 389 1679 φαγών.
450 1609 519 1666 V.
558 1610 588 1663 ’7
631 1616 714 1664 vix
751 1618 962 1678 possunt
999 1616 1225 1678 intellegi
1255 1616 1353 1678 ipsi
1385 1616 1465 1665 dei
1497 1618 1747 1678 caelestes,
1790 1617 1876 1664 sed

192 1695 327 1742 inter
373 1696 532 1757 pisces
579 1697 615 1743 ii
667 1697 754 1759 qui
809 1697 1136 1745 delicatorum
1189 1696 1445 1746 hominum
1497 1713 1652 1759 paene
1708 1697 1876 1746 divina

192 1777 513 1826 veneratione
553 1777 847 1826 colebantur
885 1779 1089 1839 propter
1128 1778 1288 1826 carnis
1329 1778 1642 1826 dulcedinem
1680 1781 1731 1826 et
1763 1793 1875 1826 can-

195 1855 365 1904 dorem
404 1857 534 1905 sicut
564 1858 810 1920 anguilla3
851 1858 910 1906 cf.
941 1857 1087 1906 Matr.
1115 1859 1182 1907 38
1203 1873 1307 1919 sqq.
1339 1860 1489 1920 atque
1519 1859 1591 1906 ibi
1622 1859 1874 1907 adnotata.

198 1934 251 1982 Si
290 1951 481 1984 mecum
521 1938 647 2001 legis
679 1954 724 1986 v.
753 1939 782 1986 6
823 1934 917 1985 κᾶν
957 1930 1021 1987 αὗ
1061 1932 1166 2002 ξήρ’
1203 1934 1394 2006 ἐθέλῃς,
1434 1938 1583 1986 etiam
1617 1954 1659 1986 v.
1687 1939 1717 1986 8
1753 1938 1873 1986 scri-

191 2016 408 2063 bendum
446 2018 645 2066 videtur
683 2015 845 2066 ἐκεῖνα
882 2034 972 2079 pro
1012 2015 1187 2081 ἐκείνη.

302 2097 569 2145 XXXVIII
636 2092 704 2147 V.
747 2092 801 2146 2.
857 2098 1134 2146 Meinekius
1190 2099 1409 2147 scribens
1463 2097 1651 2162 τμηθὲν
1698 2094 1772 2147 ὅτ’
1817 2097 1871 2148 έν

188 2176 372 2240 βίκοισι
411 2182 546 2227 recte
585 2179 949 2241 interpretatur
988 2174 1257 2228 ‘concisum
1296 2196 1352 2228 eo
1384 2184 1606 2242 tempore
1639 2175 1779 2243 quo'3
1819 2183 1872 2228 at

190 2259 472 2306 scombrum
525 2263 674 2321 poeta
726 2259 868 2308 iubet
921 2261 1089 2321 paullo
1147 2260 1279 2308 infra
1324 2278 1369 2309 v.
1413 2263 1442 2309 6
1490 2266 1604 2323 post
1649 2261 1872 2309 triduum

189 2337 391 2385 demum
431 2340 535 2388 sale
573 2340 776 2388 condiri.
839 2340 933 2388 Est
970 2341 1108 2404 βῖκος
1146 2341 1278 2389 idem
1317 2343 1449 2403 quod
1488 2341 1698 2405 στάμνος
1738 2343 1870 2403 apud

189 2417 563 2480 Euthydemum
605 2413 749 2486 (Ath.
775 2419 853 2467 ΠΙ
882 2413 1065 2487 1160):
1106 2417 1337 2486 ὀρκύνοιο
1377 2422 1603 2486 τρίγωνα,
1642 2421 1699 2470 τά
1737 2417 1778 2469 τ’
1816 2419 1869 2470 ἐν

189 2497 446 2560 στάμνοισι
469 2497 674 2549 τεθέντα
706 2497 715 2566 Ι
748 2499 1007 2564 ἀμφαλλὰξ
1036 2501 1277 2551 δείπνοισι
1299 2500 1368 2550 ένὶ
1395 2501 1658 2567 πρώτοισιν
1682 2498 1868 2564 ὀπηδεῖ.

189 2579 290 2629 Cfr.
332 2581 483 2629 etiam
521 2579 778 2629 Eustathii
823 2582 1180 2631 testimOnium.
1254 2577 1323 2634 V.
1363 2577 1421 2633 4.
1467 2584 1696 2652 Ποντικῷ
1733 2577 1868 2650 ὅψᾳκ

187 2663 338 2710 aliter
367 2662 519 2712 Dorio
553 2678 629 2724 ap.
654 2661 773 2710 Ath.
799 2661 879 2709 III
906 2663 1072 2711 118b:
1114 2661 1198 2711 τὸν
1236 2667 1500 2728 κορακῖνον
1537 2660 1634 2711 ὑπὸ
1672 2665 1868 2712 πολλῶν

187 2739 416 2807 λέγεσθαι
479 2739 832 2807 σαπέρδην
893 2741 976 2791 καὶ
1033 2737 1178 2792 εἶναι,
1211 2743 1465 2808 κράτιστον
1524 2740 1609 2791 τὸν
1670 2741 1723 2792 ἐκ
1781 2748 1868 2806 τῆς

187 2821 538 2881 Μαιώτιδος
576 2822 763 2886 λίμνης.
821 2821 930 2880 Qua
961 2824 1264 2872 dissensione
1297 2823 1615 2874 confirmatur
1651 2824 1864 2874 fortasse

188 2902 564 2955 Stadtmuelleri
602 2904 816 2966 suspicio
848 2919 938 2967 pro
970 2906 1198 2974 Ποντικῷ
1230 2904 1567 2966 reponendum
1599 2919 1707 2954 esse
1739 2922 1864 2969 φορ-
