2038 3140
798 135 859 141 ——-
945 105 1048 156 132
1131 136 1191 141 ——
1428 122 1831 157 AchEsTRATvs

152 244 345 291 ratione
386 243 534 304 piscis
573 242 709 290 illius
749 241 894 289 facile
928 242 1118 289 solvere
1151 255 1296 302 posse
1328 241 1471 288 nobis
1503 241 1730 289 videmur
1760 241 1834 288 ita

151 327 205 371 ut
253 325 409 371 altero
459 324 565 371 loco
613 338 702 382 pro
751 321 933 384 σκάρον
979 322 1203 384 legamus
1253 321 1463 386 σπάρον;
1520 337 1617 383 qua
1665 322 1724 370 de
1778 337 1832 369 re

148 407 324 466 postea
362 403 653 452 videbimus.

261 486 368 532 Iam
407 485 470 532 ad
509 484 559 530 id
599 485 915 531 transeuntes
955 486 1012 530 ut
1051 483 1280 531 binorum
1319 484 1399 531 vel
1438 483 1657 545 plurium
1696 483 1834 544 frag—

149 567 433 613 mentorum
480 564 702 613 ordinem
747 580 1025 626 nexumque
1074 565 1234 626 qualis
1282 564 1436 612 fuisse
1482 565 1712 613 videatur
1757 564 1831 610 in-

149 647 475 708 vestigemus,
522 646 614 693 hoc
660 645 1062 708 praemittamus,
1110 646 1241 707 quod
1290 645 1591 692 Ribbeckius
1641 660 1834 707 quoque

155 729 337 789 censet,
370 742 470 774 non
501 726 607 775 veri
639 725 798 774 simile
833 741 939 774 esse
970 742 1203 789 magnam
1238 726 1466 774 carminis
1493 712 1835 773 Archestratei

151 811 348 869 partem
387 807 633 868 interisse,
673 823 785 855 cum
825 823 879 854 eo
920 807 1124 856 consilio
1165 823 1362 855 carmen
1394 807 1695 868 discerptum
1727 822 1835 854 esse

154 891 409 951 appareat,
445 890 505 935 ut
537 903 683 950 quam
716 888 932 948 plurima
961 888 1170 950 piscium
1203 888 1511 950 aliorumque
1545 888 1834 935 animalium

150 970 351 1017 nomina
390 969 708 1017 Archestrati
745 968 1044 1017 testimoniis
1084 970 1470 1018 illustrarentur.
1549 968 1684 1025 Quae
1725 984 1833 1016 sen-

153 1050 312 1098 tentia
353 1066 409 1098 ea
443 1066 635 1112 quoque
667 1066 721 1097 re
754 1049 1075 1097 confirmatur
1106 1051 1237 1112 quod
1267 1050 1554 1099 Athenaeus
1586 1049 1836 1098 interdum

155 1133 441 1180 observavit
482 1132 630 1180 etiam
673 1130 715 1178 si
754 1145 878 1192 quae
918 1131 1123 1179 obsonia
1152 1133 1301 1192 poeta
1332 1146 1623 1178 enumerare
1655 1130 1835 1179 omisit.

150 1212 268 1261 Ath.
288 1213 365 1260 III
387 1212 533 1260 1171>
566 1207 830 1273 παρέλιπεν
863 1207 888 1258 ὃ
921 1207 1101 1273 τένθης
1127 1206 1192 1259 Ἀ.
1228 1208 1574 1276 συγκαταλέξαι
1603 1207 1723 1275 ἡμῖν
1755 1209 1837 1260 καὶ

152 1291 204 1341 τὸ
342 1291 607 1358 λεγόμενον
648 1289 968 1353 ἐλεφάντινον
999 1291 1204 1356 τάριχος.
1260 1293 1496 1340 Eiusdem
1529 1294 1726 1355 generis
1760 1297 1837 1341 est

149 1374 282 1436 quod
314 1375 499 1436 legitur
532 1390 608 1435 ap.
632 1372 750 1420 Ath.
777 1372 856 1420 III
885 1373 1038 1421 104f:
1078 1371 1161 1421 καὶ
1186 1369 1252 1422 ’A.
1278 1371 1370 1438 γὰρ
1402 1371 1455 1421 ἐν
1486 1376 1550 1442 τῷ
1588 1373 1833 1443 διαβοήτῳ

148 1453 381 1518 ποιήματι
422 1449 531 1503 οὐδ’
577 1452 700 1511 ὅλως
737 1470 836 1501 που
876 1452 1097 1517 κάραβον
1137 1450 1394 1517 ὀνομάζων
1433 1452 1644 1502 ἀστακὸν
1681 1467 1833 1518 προσ-

152 1534 378 1601 αγορεύει
414 1532 507 1582 mg.
548 1527 686 1600 (vide
725 1535 784 1581 fr.
823 1527 1026 1600 XXIV).

261 1615 466 1664 Duobus
506 1615 627 1663 locis
665 1614 766 1662 iam
795 1614 1095 1663 Ribbeckius
1135 1615 1352 1677 vestigia
1384 1616 1709 1678 deprehendit
1737 1617 1833 1678 pri-

149 1697 308 1744 stinae
336 1695 689 1758 dispositionis,
723 1711 935 1758 quorum
959 1696 1088 1744 alter
1112 1701 1188 1745 est
1211 1696 1272 1746 fr.
1297 1697 1442 1744 XVII
1467 1698 1527 1746 de
1553 1698 1838 1747 sinodonte:

150 1774 203 1825 ἐκ
242 1780 477 1841 πορθμοῦ
519 1773 571 1824 δὲ
610 1776 779 1840 λαβεῖν
815 1782 965 1841 πειρῶ
1005 1775 1101 1825 καὶ
1138 1783 1375 1840 τοῦτον,
1415 1775 1583 1842 ἑταῖρε.
1658 1778 1834 1840 Itaque

146 1858 301 1905 hunc
340 1873 535 1919 quoque
575 1857 798 1919 piscem
831 1874 888 1906 ex
919 1858 1048 1907 freto
1082 1859 1270 1907 scilicet
1303 1858 1467 1906 Siculo
1497 1885 1556 1892 —
1587 1859 1679 1908 hoc
1703 1860 1834 1907 enim

146 1938 332 1999 ubique
369 1939 500 1999 apud
540 1938 924 1986 Archestratum
964 1941 1021 1986 ut
1059 1939 1307 1987 hominem
1349 1938 1568 1987 Siculum
1606 1938 1835 2003 πορθμός

147 2021 225 2067 est
260 2045 320 2051 —
359 2034 535 2080 capere
567 2019 767 2067 iubetur
799 2019 1003 2068 sodalis:
1046 2020 1261 2082 quinque
1294 2022 1462 2068 autem
1494 2021 1616 2068 locis
1648 2021 1834 2068 fretum

149 2099 371 2147 Siculum
411 2103 827 2147 commemoratur
865 2100 961 2148 his:
1012 2101 1071 2147 fr.
1111 2100 1238 2148 VIII
1281 2103 1326 2163 2,
1366 2101 1549 2149 XXXX
1590 2102 1636 2163 3,
1676 2101 1744 2148 LI
1785 2103 1832 2160 2,

148 2179 266 2227 LVI
297 2182 345 2244 4,
383 2179 503 2227 XVI
537 2183 582 2228 1.
647 2180 894 2237 Quattuor
931 2183 1205 2243 primorum
1242 2182 1369 2229 nulli
1406 2182 1533 2230 illud
1571 2198 1716 2244 posse
1750 2182 1834 2229 ad-

151 2261 293 2324 iungi
322 2262 470 2309 facile
505 2261 590 2323 qui
621 2262 752 2310 locos
787 2261 1174 2312 consideraverit
1203 2262 1310 2324 ipse
1342 2265 1628 2325 cognoscet3
1662 2263 1834 2324 quinto

147 2345 204 2389 ut
242 2341 574 2404 adiungamus
623 2343 832 2391 suadere
879 2343 1078 2392 videtur
1122 2359 1298 2393 versus
1347 2346 1401 2405 2,
1456 2360 1566 2392 cum
1611 2344 1674 2392 ad
1722 2359 1832 2392 con-

148 2421 445 2470 dicionalem
475 2424 775 2471 sententiam
807 2419 870 2471 ἄν
898 2441 1044 2473 ποτε
1083 2428 1258 2493 ληφθῇ
1293 2418 1375 2491 (fr.
1408 2425 1528 2472 XVI
1562 2417 1618 2490 2)
1650 2425 1835 2486 optime

146 2501 378 2551 videatur
407 2502 653 2564 quadrare
685 2504 1010 2566 imperativus
1040 2511 1213 2570 πειρῶ,
1246 2522 1342 2568 quo
1377 2505 1529 2555 verbo
1561 2520 1659 2553 non
1683 2504 1830 2553 facile

155 2586 244 2632 aut
283 2585 456 2632 crebro
496 2583 807 2633 sinodontem
846 2585 899 2634 in
936 2586 1066 2635 freto
1099 2585 1263 2635 Siculo
1303 2587 1412 2649 capi
1444 2586 1602 2634 solere
1635 2584 1836 2634 demon—

150 2666 353 2714 stratur.
429 2663 573 2721 Quod
618 2667 788 2713 autem
835 2666 1106 2728 fragmenti
1144 2666 1288 2715 XVII
1333 2681 1508 2715 versus
1551 2667 1577 2712 1
1631 2668 1837 2727 propter

149 2745 453 2793 mentionem
477 2745 819 2794 crassitudinis
839 2739 989 2811 (ζήτει
1004 2745 1167 2811 παχὺν
1184 2740 1334 2814 εἶναι)
1351 2746 1607 2808 postulare
1623 2747 1835 2807 videtur,

149 2827 210 2873 ut
255 2828 372 2875 ante
418 2827 480 2876 de
525 2842 732 2889 procero
773 2828 939 2892 aliquo
977 2829 1112 2891 pisce
1151 2827 1509 2890 praecipiatur,
1555 2827 1658 2875 tale
1695 2842 1836 2888 prae-

155 2909 356 2967 ceptum
394 2907 448 2955 in
484 2907 628 2957 initio
676 2909 782 2957 eius
832 2909 1031 2972 eclogae
1078 2909 1235 2964 fuisse
1279 2909 1466 2970 potest,
1521 2908 1661 2956 cuius
1707 2923 1837 2957 nunc
