2038 3140
822 196 883 201 ——
970 165 1072 216 134
1154 195 1215 201 —
1458 183 1861 219 ARoHnsTRATvs

291 303 419 350 Item
468 304 667 350 conecto
714 301 773 349 fr.
814 301 978 348 XXVI
1026 301 1085 348 de
1131 301 1321 362 phagro
1370 303 1419 349 et
1466 301 1525 349 fr.
1566 301 1755 348 XXVII
1803 302 1863 350 de

175 384 311 431 lobia
342 384 539 445 hepato.
601 382 730 430 Nam
761 383 976 444 primum
1007 382 1197 443 phager
1229 381 1390 429 lebiae
1423 382 1598 430 similis
1633 384 1711 430 est
1734 384 1862 430 teste

177 463 454 525 Speusippo
496 478 571 524 ap.
612 462 728 511 Ath.
770 462 869 509 VII
910 464 1075 511 3010:
1114 460 1437 520 Σπεύσιππος
1478 458 1522 510 δ’
1561 461 1732 526 ὅμοιον
1774 457 1863 530 (sc.

177 537 332 609 φησί)
375 543 549 612 φάγρῳ
589 541 674 591 τὸν
713 541 904 605 ἥπατον
945 537 1030 609 (cf.
1065 543 1216 591 etiam
1254 542 1372 592 Ath.
1404 543 1503 591 VII
1537 538 1726 610 300e);
1780 545 1863 592 de-

175 624 289 671 inde
336 623 652 672 Archestrati
705 624 863 687 ipsius
919 625 1083 673 verbis
1141 624 1259 672 ordo
1316 640 1461 686 quem
1517 627 1683 674 statuo
1732 641 1862 674 com-

172 705 427 767 probatur.
512 705 643 753 Nam
697 721 809 753 cum
862 705 1035 753 iubeat
1087 704 1269 753 lebiam
1325 721 1559 767 quoque
1609 722 1668 753 ex
1714 706 1861 755 Delo

175 787 378 848 eiusque
417 786 631 834 finitima
671 786 806 835 Teno
845 787 1010 834 insula
1050 785 1200 848 sumi,
1245 785 1452 847 respicit
1501 787 1563 834 ad
1609 787 1762 835 verba
1801 787 1861 834 fr.

173 867 338 914 XXVI
377 865 554 936 Δήλῳ
603 861 643 914 τ’
688 866 917 936 Εἰρετρίᾳ
955 885 1017 916 τε.
1102 866 1325 929 Denique
1371 866 1737 915 Mnesimachus
1786 883 1861 929 ap.

171 948 290 996 Ath.
314 947 385 995 IX
418 949 591 1011 403b3
631 948 683 995 II
709 950 812 997 437
841 948 1000 996 Kock:
1043 946 1306 1012 σμύραινα,
1339 947 1590 1013 φάγρος,
1624 947 1631 1009 Ι
1666 946 1863 1011 μύλλος,

171 1027 386 1092 λεβίας.

283 1108 690 1157 Commodissime
744 1125 890 1170 porro
945 1109 997 1155 in
1051 1124 1207 1156 unum
1254 1109 1602 1171 comprehendi
1650 1111 1860 1171 possunt

171 1191 232 1237 fr.
271 1189 436 1236 XXIV
492 1190 551 1238 de
607 1192 776 1237 astaco
833 1192 883 1238 et
931 1190 991 1238 fr.
1039 1189 1177 1237 XXV
1232 1191 1291 1237 de
1347 1190 1533 1237 cai-ide:
1589 1205 1716 1252 quae
1765 1190 1860 1238 duo

171 1286 355 1334 genera
402 1286 692 1319 cancrorum
738 1271 1045 1319 marinorum
1090 1272 1291 1332 poetam
1329 1287 1429 1319 uno
1469 1271 1575 1319 loco
1615 1273 1860 1320 tractasse

172 1351 440 1399 admodum
488 1354 565 1400 est
602 1351 873 1414 probabile.
951 1351 1148 1399 Pariter
1185 1351 1347 1400 Matro
1394 1354 1663 1414 postquam
1701 1369 1747 1400 v.
1789 1353 1855 1400 63

168 1432 363 1480 cal-ides
410 1433 644 1494 protulit,
701 1449 742 1480 v.
787 1434 854 1482 66
903 1431 1144 1496 κάραβος,
1191 1429 1422 1495 ἀστακός,
1469 1432 1735 1494 Philyllius
1782 1448 1857 1494 ap.

171 1513 290 1561 Ath.
322 1513 400 1561 ΙΠ
433 1514 563 1576 86e3
603 1513 627 1560 I
664 1514 767 1561 785
803 1513 940 1561 Kock
971 1512 1210 1578 κάραβον,
1242 1509 1468 1560 ἀστακόν.
1516 1512 1643 1561 Vide
1674 1514 1857 1562 testim.

169 1593 231 1641 fr.
271 1592 450 1642 XXIV.

284 1673 398 1721 Non
428 1673 594 1722 minus
627 1673 956 1736 coniungendi
980 1674 1212 1723 videntur
1242 1675 1302 1722 fr.
1327 1674 1425 1722 XII
1449 1675 1501 1722 et
1522 1674 1647 1722 XIII
1679 1674 1859 1737 quibus

176 1753 527 1802 describuntur
565 1753 849 1818 χρύσοφρυς
888 1758 938 1803 et
970 1754 1168 1816 σπάρος.
1231 1755 1556 1804 Scribendum
1588 1756 1719 1803 enim
1751 1771 1859 1804 esse

173 1837 262 1883 aut
298 1835 352 1882 in
389 1835 449 1883 fr.
482 1835 607 1883 XIII
637 1839 727 1884 aut
757 1836 967 1883 XXXXI
1006 1835 1196 1900 σπάρον
1234 1851 1326 1898 pro
1366 1851 1423 1884 eo
1456 1836 1587 1897 quod
1615 1835 1859 1883 traditum

177 1918 255 1963 est
302 1914 487 1979 σκάρον
535 1932 688 1978 supra
733 1917 1056 1965 ostendimus.
1141 1916 1334 1964 Tuetur
1379 1918 1548 1964 autem
1596 1916 1856 1964 lectionem

180 1994 364 2059 σκάρον
401 1996 454 2043 in
483 1996 543 2044 fr.
568 1995 779 2043 XXXXI
816 1997 954 2044 locus
994 1995 1249 2045 Machonis
1290 1989 1431 2063 (Ath.
1457 1996 1530 2044 VI
1555 1989 1719 2063 2440)
1757 1996 1859 2044 iam

175 2092 327 2138 supra
379 2093 426 2138 p.
470 2079 573 2125 129
631 2077 849 2124 adlatus:
912 2082 1009 2124 τῶν
1063 2073 1152 2140 μὲν
1207 2076 1439 2140 σκάρων
1495 2074 1707 2125 ἀπέλαυε
1760 2083 1857 2125 τῶν

169 2159 425 2222 τριγλῶν
462 2152 518 2205 θ’
555 2156 678 2221 ἅμαε
719 2173 836 2221 ergo
876 2157 1087 2206 mutatio
1126 2158 1215 2205 illa
1252 2157 1480 2207 facienda
1518 2162 1596 2207 est
1634 2159 1685 2206 in
1722 2158 1856 2220 frag·

169 2242 339 2287 mento
378 2237 516 2287 XIII.
593 2238 853 2287 Accedunt
892 2239 1018 2287 duae
1065 2238 1193 2286 aliae
1241 2253 1444 2301 causae,
1506 2240 1667 2287 altera
1726 2238 1860 2301 quod

173 2335 351 2382 sparus
392 2321 444 2368 et
475 2320 812 2383 chrysophrys
845 2335 876 2368 a
906 2319 1027 2368 viris
1063 2319 1222 2368 doctis
1256 2312 1392 2384 (vide
1416 2319 1642 2368 Brehmii
1665 2314 1854 2368 ‘Thien

171 2393 337 2449 leben'
370 2400 444 2449 ed.
469 2400 583 2448 mai.
617 2394 831 2448 ‘Fische'
864 2416 909 2463 p.
937 2393 1032 2466 51)
1064 2402 1115 2446 in
1149 2395 1463 2462 sparidarum
1494 2399 1685 2448 familia
1710 2400 1857 2448 collo-

172 2483 374 2542 cantur3
429 2481 590 2529 altera
644 2481 776 2542 quod
821 2481 993 2529 eadem
1041 2480 1242 2530 illorum
1297 2480 1510 2542 piscium
1553 2479 1857 2542 praecipitur

168 2561 445 2624 apparendi
482 2561 612 2609 ratio
659 2563 808 2623 atque
854 2561 928 2608 ita
964 2563 1022 2609 ut
1059 2562 1219 2609 altero
1258 2561 1364 2610 loco
1402 2562 1553 2624 poeta
1589 2559 1853 2609 manifesto

169 2641 403 2704 respiciat
426 2639 489 2689 ad
513 2641 730 2690 alterum
755 2635 841 2708 (cf.
867 2641 928 2690 fr.
950 2641 1078 2690 XIII
1109 2638 1205 2690 καὶ
1237 2640 1428 2706 σπάρον
1453 2636 1598 2690 ὄπτα
1626 2638 1855 2699 πλύνας

171 2714 234 2771 εὖ
275 2757 321 2772 ..
360 2727 536 2771 τοῦτον
583 2719 722 2770 ὅλον
767 2719 1014 2785 θεράπευε
1062 2724 1114 2769 et
1158 2723 1218 2771 fr.
1257 2721 1355 2770 XII
1400 2723 1629 2770 πλῦνον
1675 2717 1730 2768 δέ
1774 2738 1854 2768 νιν

171 2797 394 2866 ὀρθῶς,
433 2795 531 2851 εἶθ’
569 2800 706 2851 ὅλον
745 2798 1005 2865 ὀπτήσας
1041 2796 1305 2870 παράθες).

282 2882 501 2944 Longior
537 2883 639 2931 iam
676 2884 1073 2947 fragmentorum
1113 2883 1266 2932 series
1305 2884 1472 2944 potest
1509 2882 1738 2944 componi
1781 2881 1854 2930 ita

163 2965 232 3011 ut
253 2961 622 3025 proficiscamur
639 2979 670 3012 a
685 2964 966 3027 fragmento
981 2963 1227 3027 XXXXV,
1252 2978 1350 3026 quo
1374 2964 1594 3012 cestreus
1619 2963 1855 3025 cephalus
