2038 3140
112 257 168 296 20

112 696 167 735 25

867 138 923 144 -
1006 108 1076 160 62
1158 138 1219 144 -
1625 128 1886 162 MATRONIS

202 239 263 292 ἐν
306 244 562 311 καθαρῷ,
604 239 700 291 ὅθι
739 235 931 307 κύματ’
971 236 1051 291 ἐπ’
1090 239 1279 306 ἠιόνος
1316 224 1596 303 κλύζεσκε·

199 329 404 389 πολλὰς
453 325 503 378 δ’
550 326 607 378 ἐκ
650 331 894 395 κεφαλῆς
931 327 1359 397 προθελύμνους
1399 320 1582 380 εἷλκον
1622 327 1886 390 ἀκάνθας.

199 415 232 482 ἡ
275 412 335 467 δὲ
373 415 656 484 Φαληρικὴ
697 410 831 482 ἦλθ’
871 414 1048 483 ἀφύη,
1096 416 1372 483 Τρίτωνος
1408 413 1618 484 ἑταίρη,

202 505 339 555 ἄντα
378 503 657 572 παρειάων
699 501 935 572 σχομένη
979 503 1198 572 ῥυπαρὰ
1237 504 1517 572 κρήδεμνα

200 593 330 654 τοὺς
363 589 412 643 δ’
445 591 474 644 ὁ
506 592 753 654 Κύκλωψ
786 591 964 660 ἐφίλει
995 589 1085 644 καὶ
1120 591 1180 643 ἐν
1214 591 1440 660 οὔρεσιν
1473 591 1788 661 ἐξεπεφύκει
1813 632 1824 644 .
1845 632 1885 645 ..

199 681 363 741 πίνας
401 674 541 746 ἦλθε
582 678 771 748 φέρων
810 681 945 732 κατὰ
982 680 1215 749 τρύβλια
1254 679 1515 747 ἠχήεντα,

199 767 262 830 ἃς
300 768 437 820 κατὰ
476 770 810 838 φυκότριχος
848 766 1048 837 πέτρης
1085 768 1284 820 λευκὸν
1323 767 1512 838 τρέφει
1551 767 1705 838 ὕδωρ
1739 809 1750 821 .
1777 809 1787 821 .
1815 809 1827 821 .
1851 809 1863 821 .

200 856 378 923 ψῆττά
415 873 473 908 τε
512 857 870 926 χονδροφυὴς
908 854 1000 908 καὶ
1038 858 1230 925 τρίγλη
1272 856 1656 926 μιλτοπάρῃος.

197 950 263 1012 τῇ
305 941 353 995 δ’
394 943 499 1012 ἐγὼ
541 943 601 996 ἐν
640 946 878 1014 πρώτοις
917 946 1113 1012 ἕπεχον
1147 945 1540 1014 κρατερώνυχα
1578 953 1758 1015 χεῖρα,

201 1027 322 1084 οὐδ’
361 1034 548 1100 ἔφθην
587 1033 801 1102 τρώσας
840 1053 960 1102 μιν,
1002 1034 1150 1101 ἄειρε
1192 1029 1253 1084 δὲ
1297 1035 1502 1100 Φοῖβος
1533 1031 1830 1086 Ἀπόλλων.

691 1169 890 1202 HOMERI
929 1168 1159 1201 DETORTI
1197 1168 1392 1203 VERSVS

196 1231 253 1270 20
286 1223 337 1271 ἒν
369 1230 591 1287 καθαρῷ,
624 1226 706 1271 ὅθι
738 1227 909 1284 κύματ’
938 1223 1012 1271 ἐπ’
1042 1225 1203 1282 ἠιόνος
1234 1228 1512 1281 κλύζεσκον
1551 1230 1674 1272 Ψ61

195 1298 250 1336 21
283 1293 455 1344 πολλὰς
488 1289 539 1336 ἐκ
572 1297 780 1350 κεφαλῆς
811 1294 1167 1350 προθελύμνους
1199 1292 1354 1338 ἕλκετο
1386 1296 1548 1351 χαίτας
1578 1297 1624 1338 Κ
1646 1299 1699 1338 15

195 1364 250 1403 22
285 1359 432 1416 φύζα,
466 1358 619 1418 φόβου
652 1358 900 1417 κρυόεντος
933 1355 1126 1417 ἑταίρη*
1159 1366 1180 1403 1
1207 1366 1232 1404 2

198 1430 253 1469 23
288 1425 406 1470 ἄντα
437 1424 679 1483 παρειάων
713 1424 913 1483 σχομένη
946 1426 1120 1481 λιπαρὰ
1152 1426 1391 1483 κρήδεμνα
1423 1443 1454 1469 α
1479 1431 1566 1470 334

198 1495 255 1535 24
285 1489 367 1535 τόν
401 1488 461 1548 ῥα
492 1490 689 1548 μάλιστα
717 1490 968 1548 Ι“Ερμείας
996 1493 1166 1548 Τρώων
1198 1489 1348 1548 ἐφίλει
1381 1493 1426 1539 Ξ
1446 1498 1531 1537 490
1550 1506 1616 1547 sq.

284 1556 314 1614 ἥ
346 1574 399 1615 με
434 1559 639 1616 λαβοῦσα
666 1560 672 1613 Ι
702 1554 933 1608 ἐνδυκέως
966 1554 1118 1614 ἐφίλει
1147 1575 1196 1603 τε
1228 1559 1309 1603 καὶ
1343 1558 1536 1616 ἔτρεφεν
1568 1575 1596 1614 η
1623 1562 1707 1602 255
1727 1572 1792 1614 sq.

284 1620 335 1667 ἐν
368 1622 589 1680 οὔρεσιν*
620 1627 662 1666 Δ
686 1627 773 1667 455
838 1620 1150 1681 ἐξεπεφύκει*
1182 1625 1339 1680 hymn.
1372 1625 1422 1669 in
1454 1624 1551 1671 Cer.
1589 1631 1642 1670 12

195 1693 252 1734 25
284 1691 399 1741 Αἴας
431 1688 476 1733 δ’
506 1686 707 1746 ἐγγύθεν
738 1685 857 1745 ἦλθε
891 1689 1048 1748 φέρων
1081 1691 1222 1743 σάκος
1253 1695 1303 1735 Η
1323 1697 1409 1736 219

283 1755 376 1799 κὰδ
408 1755 599 1812 δώματα
628 1754 867 1811 ἠχήεντα*
899 1759 929 1800 δ
955 1763 1008 1802 72

193 1827 249 1866 26
992 1822 1140 1880 κρήνη
1173 1823 1481 1881 μελάνυδρος,

282 1885 312 1943 ἦ
343 1903 392 1932 τε
417 1884 522 1931 κατ’
551 1885 781 1944 αἰγίλιπος
803 1886 973 1945 πέτρης
997 1890 1231 1946 δνοφερὸν
1255 1887 1352 1946 χέει
1382 1888 1507 1944 ὕδωρ
1542 1893 1569 1931 Ι
1591 1894 1645 1933 14
1664 1903 1731 1945 sq.

194 1958 250 1998 27
283 1951 387 2004 νέες
417 1952 547 2011 πάρα
578 1953 916 2012 μιλτοπάρῃοι*
948 1972 965 1998 ι
991 1959 1075 1998 125

194 2026 250 2066 28
282 2014 310 2075 ἦ
345 2017 406 2076 ῥα
436 2019 518 2063 καὶ
550 2015 600 2064 ἐν
633 2021 834 2076 πρώτοις
866 2019 1011 2077 ἰάχων
1045 2018 1118 2076 ἔχε
1150 2021 1365 2077 μώνυχας
1396 2021 1566 2071 ἵππους
1602 2023 1749 2065 Τ424

283 2087 431 2145 αὐτὰρ
465 2086 488 2132 ὃ
521 2085 776 2146 Πατρόκλῳ
813 2085 987 2143 ἔφεπε
1020 2087 1374 2143 κρατερώνυχας
1404 2087 1574 2137 ’ἵππους
1604 2090 1654 2130 Π
1676 2092 1758 2132 732

282 2157 469 2211 θρῆνυν
503 2188 513 2198 .
534 2189 543 2198 .
572 2156 578 2210 Ι
609 2188 617 2197 .
638 2188 647 2198 .
681 2147 716 2212 ᾧ
743 2150 787 2210 ῤ’
811 2151 974 2210 ἔπεχεν
999 2153 1222 2210 λιπαροὺς
1245 2151 1395 2204 πόδας
1419 2151 1727 2207 εἰλαπινάζων
1752 2171 1777 2210 ρ
1794 2158 1881 2199 410

193 2225 249 2265 29
286 2221 454 2279 Φοῖβος
480 2216 737 2264 Ἀπόλλων*
767 2223 804 2262 A
829 2223 886 2263 43
1651 2216 1653 2218 ’

754 2327 1012 2363 vARmTAs
1027 2310 1032 2316 ’
1050 2328 1322 2363 an'moms

252 2393 309 2433 20
321 2387 500 2447 ἠιόνος]
512 2386 751 2444 εἰλαπίνης
762 2401 799 2431 e.
809 2387 1191 2444 gr.Wachsmuth
1232 2389 1341 2444 post
1350 2393 1404 2432 23
1418 2387 1601 2431 hiatum
1609 2387 1879 2432 nthaibel

192 2460 251 2499 24
266 2456 376 2512 post
393 2451 543 2511 ἐφίλει
558 2453 742 2498 hiatum
756 2455 855 2498 not.
871 2453 1100 2510 Meineke,
1117 2454 1228 2510 posi:
1244 2450 1522 2510 ἐξεπεφύκει
1533 2453 1737 2498 Dindorf
1822 2458 1879 2498 25

191 2524 333 2571 πιῖας
347 2520 394 2564 A
454 2518 575 2563 κατὰ
590 2519 783 2578 τρύβλια
791 2517 1123 2563 Wachsmuth:
1154 2517 1236 2563 καὶ
1252 2518 1459 2576 ἄμυλαΑ
1472 2519 1518 2574 (J,
1542 2518 1663 2563 κατὰ
1687 2518 1879 2576 δώματα

190 2585 264 2643 ἠχ.
283 2584 516 2640 Meineke,
539 2585 620 2629 καὶ
643 2582 849 2642 κογχύλι’
875 2584 948 2642 ἠχ,
975 2584 1292 2640 Casaubonus‚
1325 2584 1446 2629 κατὰ
1469 2601 1593 2642 κογχ.
1619 2584 1690 2641 ἠχ.
1718 2583 1879 2628 stadt-

191 2651 388 2696 mueller
470 2656 526 2696 26
537 2649 919 2708 φυγότριχοςΑΟ,
928 2663 1043 2694 corr.
1056 2650 1263 2708 Scaliger
1338 2656 1394 2696 26
1407 2651 1592 2694 hiatum
1603 2652 1699 2694 not.
1708 2649 1879 2694 Kaibel

192 2723 248 2763 29
261 2718 439 2776 τρώσας
453 2718 662 2776 (τρώγειν
676 2716 735 2774 G>
750 2718 829 2761 ἵνα
845 2719 950 2774 (om.
963 2714 1014 2758 in
1025 2715 1196 2761 lacuna,
1214 2717 1271 2775 G)
1286 2718 1412 2762 εἴασε
1428 2715 1586 2772 QAO,
1594 2715 1772 2772 τρώσας
1782 2731 1878 2772 μιν,

193 2783 320 2840 ἄειρε
338 2781 390 2828 δὲ
408 2786 460 2829 Φ.
478 2780 748 2828 dubitanter
764 2781 944 2840 scripsi,
959 2783 1136 2839 τρώξας
1153 2783 1578 2840 Schweighaeuser,
1594 2782 1773 2838 τρῶσαί
1781 2797 1877 2837 μιν,

193 2848 310 2895 ἄασε
327 2847 379 2894 δὲ
401 2851 451 2894 Φ.
471 2848 693 2907 Scaliger,
710 2849 901 2908 τρώξας,
917 2847 1111 2894 ἀνένευε
1128 2848 1180 2895 δὲ
1198 2853 1249 2896 Φ.
1267 2849 1343 2907 (cf.
1362 2846 1699 2904 Z311)Frider.
1711 2847 1874 2903 Reuss,

190 2915 388 2974 τρώσας*
421 2913 643 2972 νεμέσησε
677 2913 730 2960 δὲ
759 2918 811 2962 Φ.
845 2913 916 2973 (δέ
948 2931 1026 2973 μοι
1057 2913 1155 2973 τόγ’
1182 2914 1503 2972 praetulerim)
1539 2911 1877 2958 Stadtmueller

2003 2639 2038 2672 ‚i
