2038 3140
871 104 1272 157 ——224—

236 246 402 277 eureos.
451 232 592 275 latuit
625 232 748 275 enim
777 246 851 276 me
885 232 996 276 olim
1028 234 1075 276 et
1106 248 1228 277 nunc
1259 234 1389 290 latet,
1424 249 1515 290 quo
1547 235 1816 279 referendus
1851 234 1913 278 sit

237 298 483 356 genetivus
524 299 677 342 αὐτῶν
709 299 758 341 111
796 298 950 342 verbis
989 298 1372 356 θρησκευομένας
1403 299 1484 344 ὑπ’
1523 301 1677 344 αὐτῶν
1710 299 1919 351 Εἰκάδας

235 364 327 408 nisi
345 365 405 408 ad
417 362 698 420 Ἐπικούρου
717 364 871 421 γονάς.
908 366 1075 420 quodsi
1096 366 1287 410 Useneri
1303 365 1739 423 interpretationem
1755 369 1916 410 tenere

237 430 463 485 volueris,
506 431 606 487 ipse
646 432 805 473 tamen
842 431 973 475 noles
1009 432 1152 475 verba
1190 430 1271 476 ὑπ’
1310 433 1463 476 αὐτῶν
1501 433 1561 475 ad
1593 431 1736 490 γονάς
1767 433 1917 477 relata

234 495 535 552 interpretari
571 497 750 540 ‘earum
781 497 974 552 causa’,
1007 498 1133 552 quod
1164 499 1217 541 ut
1247 512 1331 554 per
1363 512 1410 541 se
1444 512 1580 554 aegre
1613 498 1714 542 fieri
1745 500 1915 554 potest,

236 562 305 606 ita
345 576 742 618 supervacaneum
786 577 972 618 prorsus
1022 564 1110 607 erit
1158 564 1545 609 additamentum.
1624 567 1830 608 ceterum
1868 564 1918 608 in

235 627 428 671 Useneri
466 630 624 684 partes
670 627 937 685 nuperrime
978 628 1097 672 abiit
1128 628 1303 674 Birtius
1342 629 1423 685 qui
1453 629 1604 673 libelli
1643 629 1918 674 nitidissimi

235 695 357 739 Zwei
388 696 520 751 polit.
562 695 744 740 Satiren
783 697 857 739 des
896 696 1019 739 alten
1056 697 1175 740 Rom
1218 711 1261 752 p.
1299 702 1381 740 126
1421 710 1516 740 non
1552 697 1676 740 male
1716 695 1915 740 contulit

235 760 518 804 comicorum
555 761 720 805 titulos
760 759 958 817 Ἀθηνᾶς
996 763 1152 818 γοναί,
1197 757 1464 819 Ἀφροδίτης
1504 762 1659 819 γοναί,
1707 765 1914 806 Μουσῶν

234 828 376 883 γοναί
401 826 533 870 alios,

351 916 394 957 p.
430 905 486 945 84
519 900 624 945 adn.
659 901 777 947 6fin.
812 901 952 944 adde:
997 902 1203 946 ‘videtur
1232 915 1341 946 vero
1372 901 1450 946 hic
1482 900 1669 944 libellus
1702 901 1918 945 similiter

236 966 381 1010 fuisse
407 968 703 1023 comparatus
729 968 869 1022 atque
895 966 1063 1011 Asellii
1089 967 1248 1011 Sabini
1273 963 1501 1023 dialogus,
1539 966 1629 1009 “in
1653 980 1743 1022 quo
1767 966 1916 1011 boleti

237 1035 284 1076 et
315 1033 540 1076 ficedulae
582 1035 630 1076 et
662 1035 843 1076 ostreae
877 1035 924 1077 et
955 1032 1085 1076 turdi
1117 1035 1352 1077 certamen
1383 1032 1673 1075 induxerat”
1709 1033 1915 1087 (Sueton.

233 1099 333 1142 Tib.
368 1103 471 1154 42);
518 1099 638 1142 talia
669 1101 794 1142 certe
825 1098 876 1142 in
914 1098 1093 1156 dialogi
1131 1099 1328 1142 formam
1365 1099 1557 1142 redacta
1595 1098 1852 1142 certamina
1892 1112 1919 1141 a

234 1164 510 1220 Cynicorum
535 1164 870 1209 consuetudine
891 1179 985 1209 non
1013 1165 1310 1209 abhorruisse
1335 1165 1681 1208 demonstratur
1703 1163 1916 1220 reliquiis

234 1232 510 1288 συγκρίσεως
550 1230 761 1275 Πλούτου
801 1231 882 1275 καὶ
915 1229 1091 1288 Ἀρετῆς
1130 1230 1255 1287 apud
1287 1229 1541 1274 Stobaeum
1573 1230 1694 1274 Flor.
1727 1229 1828 1272 XCI
1859 1234 1914 1274 33

234 1299 283 1340 et
313 1297 456 1341 XCIII
488 1303 543 1342 31
586 1298 804 1352 servatis,
846 1297 904 1340 de
943 1310 1141 1352 quarum
1176 1296 1336 1340 indole
1376 1295 1538 1352 cynica
1577 1294 1784 1339 dubitari
1821 1308 1915 1339 non

231 1364 419 1419 poterit,
452 1377 735 1419 quamquam
768 1362 1006 1420 scriptoris
1037 1376 1208 1406 nomen
1239 1363 1552 1419 ignoramus’.

349 1451 393 1492 p.
429 1440 483 1480 85
502 1436 578 1481 fin.
614 1437 753 1480 adde:
797 1435 998 1480 ‘accedit
1029 1436 1230 1481 fortasse
1255 1438 1445 1493 quartus
1473 1436 1734 1480 Oenomaus
1760 1434 1912 1479 Gada-

231 1515 390 1557 renus,
424 1502 577 1558 quode
610 1501 730 1546 dixit
760 1502 923 1546 Rohde
960 1504 1040 1548 Gr.
1072 1505 1255 1549 Roman
1285 1519 1330 1560 p.
1363 1507 1448 1547 249
1482 1504 1531 1546 et
1563 1501 1790 1558 singulari
1821 1501 1914 1545 dis-

233 1567 487 1612 sertatione
511 1568 776 1625 nuperrime
802 1568 901 1626 egit
927 1570 1186 1613 Saarmann
1212 1571 1284 1626 (de
1320 1569 1543 1615 Oenomao
1579 1568 1696 1614 aad.
1713 1566 1911 1624 Tubing.

234 1635 409 1690 1887)’.

348 1724 392 1766 p.
427 1715 484 1754 90
526 1725 660 1754 COMM.
692 1724 736 1755 v.
769 1715 796 1753 4
845 1708 1009 1753 ‘unico
1050 1723 1140 1765 quo
1178 1709 1359 1753 tradita
1401 1710 1473 1753 est
1503 1707 1632 1752 loco’
1683 1707 1789 1764 lege
1827 1720 1912 1764 pro

233 1773 440 1818 ‘unicum
471 1789 561 1831 quo
594 1775 772 1820 tradita
804 1776 877 1819 est
905 1776 1102 1819 locum’.

348 1863 394 1904 p.
428 1854 484 1893 90
523 1865 566 1894 v.
599 1854 655 1893 25
689 1849 831 1893 adde:
883 1849 1130 1893 ‘similiter
1168 1849 1312 1906 epigr.
1347 1853 1430 1893 911
1469 1846 1777 1891 Kaibelianae
1817 1847 1911 1891 col-

233 1913 452 1958 lectionis
486 1915 653 1972 μύθων
683 1917 848 1972 ταμίης
880 1914 1016 1959 audit
1046 1914 1324 1958 Plutarchus
1348 1913 1557 1958 Nestorii
1583 1912 1706 1956 filius
1740 1912 1912 1970 (Procli

230 1983 522 2038 praeceptor)
554 1981 635 2036 qui
668 1981 814 2038 epigr.
848 1986 934 2025 910
967 1981 1138 2025 dicitur
1171 1980 1382 2040 βασιλεὺς
1413 1977 1601 2036 λόγων’.

346 2076 392 2118 p.
419 2066 475 2106 94
515 2077 557 2107 v.
583 2067 608 2106 2
643 2062 783 2106 adde:
827 2062 1079 2106 ‘nonnulla
1111 2062 1324 2118 exempla
1353 2075 1476 2105 nunc
1507 2059 1745 2116 congessit
1777 2059 1910 2104 Saar-

229 2139 372 2170 mann
402 2126 432 2171 l.
456 2141 489 2170 e.
523 2142 568 2184 p.
599 2132 675 2183 18,
717 2127 885 2182 quibus
916 2126 1027 2185 ’γόης
1062 2127 1286 2172 adiectivi
1315 2127 1530 2184 partibus
1565 2127 1806 2183 fungatur,
1839 2125 1908 2170 ita

230 2193 390 2236 tamen
414 2193 571 2238 omnia
595 2195 867 2250 comparata
896 2196 950 2238 ut
982 2195 1080 2239 sive
1112 2194 1366 2252 ἄνθρωπος
1398 2193 1495 2238 sive
1528 2192 1647 2251 ἀνήρ
1680 2194 1910 2238 accedat'.

347 2281 392 2323 p.
411 2271 466 2311 95
498 2266 552 2311 fr.
571 2266 670 2322 IIII,
707 2272 728 2310 1
761 2273 842 2323 τῆς
871 2266 1132 2322 πολυδόξου
1164 2267 1364 2312 coniecit
1386 2267 1550 2311 Rohde
1582 2269 1683 2323 (per
1705 2265 1907 2324 litteras)

228 2332 343 2376 haec
373 2333 518 2377 verba
549 2333 611 2377 ad
641 2335 902 2390 φαντασιής
931 2334 1148 2379 referens.

346 2421 390 2462 p.
425 2411 480 2451 96
511 2422 554 2451 v.
591 2412 644 2451 15
677 2407 818 2451 adde:
860 2407 937 2451 ‘de
971 2407 1199 2452 vocabulo
1231 2407 1387 2463 ἀπάτη
1428 2407 1553 2464 apud
1582 2406 1908 2451 Parmenidem

231 2471 370 2516 obvio
417 2471 475 2517 cf.
515 2471 670 2528 Bergk
715 2471 810 2517 ind.
853 2473 995 2518 schol.
1035 2473 1142 2518 Hal.
1172 2472 1268 2518 hib.
1303 2472 1491 2532 1867J68
1530 2488 1574 2530 p.
1607 2472 1717 2517 VIII
1747 2476 1822 2530 (=
1845 2473 1905 2517 kl.

221 2538 384 2596 philol.
417 2537 540 2583 Schr.
573 2538 615 2581 II
645 2553 689 2595 p.
725 2539 835 2596 77)’.

346 2626 390 2667 p.
424 2616 479 2655 99
519 2626 562 2655 v.
598 2615 651 2655 18
691 2612 831 2656 adde:
879 2612 1096 2656 ‘tertiam
1134 2626 1244 2657 vero
1285 2611 1454 2669 (minus
1485 2613 1644 2655 tamen
1675 2611 1799 2654 recte
1829 2623 1904 2654 me

227 2675 414 2731 iudice)
469 2677 698 2722 vocabulo
750 2676 921 2722 inferre
978 2678 1130 2722 voluit
1180 2679 1468 2735 potestatem
1513 2674 1903 2720 Reudenthalius
1961 2676 1992 2682 “’

227 2743 338 2787 uber
377 2743 451 2787 die
484 2743 726 2802 Theoloqie
763 2746 839 2789 des
878 2745 1179 2802 Xenophanes
1223 2759 1268 2801 p.
1302 2748 1358 2788 34
1397 2742 1502 2788 adn.
1536 2747 1562 2786 3
1609 2740 1683 2785 his
1729 2740 1904 2785 verbis:

230 2822 343 2853 «aus
369 2807 640 2853 demselben
664 2808 849 2854 Grunde
875 2810 1003 2868 [weil
1026 2823 1075 2854 er
1099 2812 1220 2855 ohne
1244 2809 1364 2854 feste
1384 2808 1594 2863 Haltung
1616 2806 1731 2864 war]
1760 2807 1906 2851 nennt

228 2873 394 2919 Timon
411 2875 530 2920 auch
547 2877 703 2920 Zenon
719 2876 810 2920 den
826 2876 1026 2920 Eleaten
1042 2874 1370 2934 ἀμφοτερόγλ.;
1397 2874 1518 2918 (161111
1536 2871 1688 2916 dieser
1703 2871 1904 2917 zweifelt

229 2953 291 2984 an
321 2940 404 2985 der
437 2941 767 2988 Wirklichkeit
804 2942 887 2987 det
917 2940 1282 2986 erscheinenden
1313 2939 1483 2996 Dinge‚
1523 2938 1606 2983 hat
1637 2937 1752 2983 aber
1780 2938 1902 2984 doch
