2038 3140
877 163 939 170 --
1020 132 1091 184 90
1172 161 1232 168 -—
1639 149 1901 184 MATRoms

214 267 573 334 ἐκκρεμάμενον
613 266 805 332 ἔχοντος
850 266 934 316 τὸν
979 266 1110 316 πόδα
1157 264 1222 325 ὡς
1268 265 1460 331 βότρυν.
1535 266 1694 324 Quem
1738 267 1901 321 iocum

215 351 377 399 minus
433 351 495 398 ad
541 350 695 398 vitem
743 364 803 397 ex
849 349 1110 397 arboribus
1159 363 1309 411 quam
1356 347 1560 396 sudibus
1610 362 1903 408 suspensam

217 431 477 480 convenire
519 432 739 491 apparet.
821 429 891 478 Cf.
935 430 1084 477 schol.
1124 428 1280 477 Arist.
1314 429 1462 491 Vesp.
1499 429 1617 477 325.
1689 422 1755 478 V.
1786 421 1901 475 116

215 509 456 559 εὔκυκλον
488 510 856 559 restituendum
888 513 1009 572 erat,
1048 511 1303 558 scutorum
1335 509 1469 571 apud
1498 509 1772 558 Homerum
1804 509 1904 571 epi·

214 593 390 639 theton
429 585 500 657 (E
540 592 644 639 453
688 584 791 657 aL),
836 591 931 639 nisi
970 592 1098 639 forte
1138 591 1262 652 legit
1300 589 1463 638 Matro
1502 587 1766 654 ἔγκυκλον.
1843 589 1904 637 In

214 672 311 719 fine
357 687 532 721 versus
571 671 792 720 Jacobsii
837 671 1063 735 vestigiis
1110 671 1346 719 insistens
1395 671 1480 734 qui
1526 671 1685 720 voluit
1732 667 1903 734 ἁδρόν,

215 753 391 814 scripsi
416 749 575 817 ἁβρόν
600 752 916 801 Archestrati
946 752 1158 800 maxime
1182 767 1372 799 memor
1398 752 1457 799 fr.
1475 751 1549 798 IV
1570 767 1616 800 v.
1640 752 1721 813 18,
1755 766 1784 798 a
1808 767 1903 812 quo

214 834 444 894 placenta
483 834 715 895 Erythris
762 834 896 882 facta
940 835 1146 883 vocatur
1188 831 1359 891 λευκὸς
1405 830 1619 897 ἁβραῖς
1664 830 1904 880 θάλλων

215 912 418 976 ὥραις;
454 914 638 975 optime
665 914 795 962 enim
819 914 1060 962 Matronis
1087 929 1282 976 quoque
1305 913 1412 961 1000
1436 913 1711 962 iuventutis
1736 912 1904 975 imago

216 995 446 1042 convenit
484 995 546 1042 ad
584 995 864 1056 placentam
903 989 1152 1042 recentem
1190 994 1453 1046 translata.
1516 993 1752 1042 Meinekii
1790 1009 1906 1042 con-

214 1074 405 1123 iectura
445 1071 598 1139 ἆγνῆς
640 1075 751 1123 ideo
791 1075 999 1123 moleste
1039 1075 1202 1122 fertur
1241 1074 1373 1136 quod
1413 1073 1608 1122 Cereris
1648 1073 1907 1135 epitheton

214 1171 388 1203 versus
411 1156 495 1217 qui
517 1156 637 1203 deae
661 1171 841 1203 nomen
865 1155 1117 1202 antecedit
1137 1157 1359 1203 tenorem
1381 1170 1537 1218 aequo
1557 1154 1903 1204 vehementius

214 1235 546 1297 interrumpit.
618 1234 878 1283 Ribbeckii
916 1234 1202 1282 coniectura
1240 1235 1303 1283 ad
1340 1235 1596 1284 Archestr.
1636 1235 1694 1283 fr.
1738 1237 1792 1298 3,
1836 1235 1904 1283 14

214 1309 312 1382 (IV
354 1309 446 1381 14)
493 1331 583 1377 per
636 1315 817 1364 nimias
872 1315 1107 1376 ambages
1162 1316 1393 1377 placenta
1445 1316 1503 1364 fit
1556 1317 1660 1364 filia
1712 1316 1903 1364 farinae

217 1396 426 1459 Cereris,
466 1398 816 1458 praeterquam
850 1396 981 1458 quod
1018 1397 1265 1446 lectorum
1303 1397 1604 1459 exspectatio
1644 1412 1799 1460 usque
1841 1396 1906 1445 ad

214 1492 386 1526 vocem
423 1479 705 1525 πλακοῦντα
744 1492 987 1538 suspensa
1023 1477 1215 1526 farinae
1253 1478 1504 1526 mentione
1542 1479 1905 1540 praeoccupata

214 1557 425 1606 tollitur.
487 1557 610 1605 Post
640 1567 692 1605 V.
715 1550 829 1604 118
864 1556 1139 1605 sententiae
1170 1557 1365 1606 hiatum
1389 1558 1577 1606 detexit
1600 1558 1903 1621 Meinekius3

214 1638 302 1701 qui
325 1639 476 1686 etiam
500 1637 742 1686 traditam
766 1637 1067 1699 scripturam
1089 1637 1305 1702 πόρναι
1331 1633 1375 1687 δ’
1404 1638 1657 1702 εἰσῆλθον,
1689 1637 1904 1702 πόρναι

216 1717 309 1767 δύο
348 1721 520 1767 tuetur
559 1719 679 1766 locis
721 1718 880 1780 qualis
920 1722 996 1767 est
1036 1719 1241 1769 Theocr.
1275 1719 1344 1767 Id.
1386 1720 1559 1768 XVIII
1593 1722 1682 1769 50:
1730 1717 1903 1768 Λατὼ

217 1796 306 1861 μὲν
339 1798 468 1862 δοίη,
505 1795 678 1847 Λατὼ
718 1797 1066 1863 κουροτρόφος.
1129 1794 1198 1850 V.
1229 1794 1342 1848 122
1378 1800 1625 1863 sagaciter
1658 1799 1905 1864 Schweig-

216 1880 510 1928 haeuserus:
550 1874 769 1928 ‘videtur
809 1895 899 1928 suo
931 1895 1068 1929 more
1106 1879 1323 1942 parodus
1362 1881 1607 1930 lubricam
1636 1881 1905 1930 verborum

215 1959 598 2022 ambiguitatem
653 1961 886 2008 sectatus.
969 1960 1194 2008 Primum
1239 1961 1339 2009 ista
1383 1961 1538 2010 verba
1583 1957 1642 2020 ἃς
1687 1963 1905 2025 Στρατο-

217 2043 335 2104 κλῆς
373 2037 558 2102 ἤλαυνε
603 2055 692 2101 per
732 2056 784 2088 se
822 2040 988 2101 posita
1026 2041 1096 2090 sic
1133 2042 1360 2104 intellegi
1397 2041 1558 2090 voluit
1589 2041 1906 2104 quemadmo-

217 2121 334 2168 dum
381 2121 531 2170 verbo
583 2117 806 2169 ἐλαύνειν
851 2135 970 2168 usus
1018 2123 1096 2169 est
1142 2121 1354 2169 comicus
1401 2122 1453 2169 in
1497 2120 1685 2170 EccleS.
1738 2139 1783 2170 v.
1828 2123 1900 2175 '39

218 2199 370 2264 [adde
401 2201 529 2249 Plat.
565 2216 686 2250 com.
726 2217 802 2263 ap.
836 2201 953 2250 Ath.
993 2201 1039 2247 X
1070 2203 1175 2250 456
1189 2217 1237 2263 a3
1278 2202 1303 2249 Ι
1337 2204 1439 2251 601
1475 2200 1636 2263 Kock]
1678 2197 1905 2264 ‘quibus-

217 2296 329 2330 cum
375 2281 781 2330 consuetudinem
828 2281 1048 2331 habebat
1093 2277 1407 2331 Stratocles’:
1455 2284 1542 2331 sed
1578 2298 1713 2344 mox,
1762 2284 1904 2346 quasi

218 2361 279 2410 de
317 2362 410 2410 hoc
454 2377 555 2409 non
595 2361 887 2423 cogitasset,
933 2361 1087 2410 adicit
1131 2362 1232 2410 ista
1267 2361 1525 2422 ποδώκεας
1571 2359 1779 2427 ὄρνιθας
1818 2362 1903 2426 ὥς,

219 2456 315 2504 quo
354 2441 670 2490 velocitatem
710 2442 1011 2504 designaret,
1050 2458 1148 2505 qua
1187 2443 1477 2499 saltationes
1518 2458 1632 2492 suas
1673 2446 1724 2492 et
1761 2459 1904 2505 prae-

218 2521 394 2584 stigias
433 2521 780 2581 meretriculae
816 2523 935 2571 illae
973 2518 1312 2586 peragebant'.

883 2769 1236 2776 ——
