2038 3140
0 2678 14 3140 WW-rwr-wv--vv’
0 2526 13 2668 wn--v-vv
0 2470 6 2515 —w
0 2448 3 2456 ⁷
0 2419 2 2424 ἡ
0 2386 8 2392 v
0 2307 2 2309 -

154 145 471 179 FRAGMENTA
790 161 852 169 —
938 134 962 183 1
973 134 1038 186 81
1124 164 1186 171 —

155 257 333 323 cupit':
375 262 525 326 ἰχθὺν
564 261 653 313 τίν’
690 263 848 329 ἡδέως
887 266 1064 332 φάγοις
1103 266 1189 327 dim
1250 270 1309 316 Φ.
1350 269 1418 327 εἰς
1457 268 1608 334 ἀγρὸν
1643 271 1650 331 Ι
1686 264 1842 334 ἦλθεν

157 340 323 407 φέρων
354 339 463 392 ποτ’
494 343 811 410 ἰχθυοπώλης
843 347 1072 411 μαινίδας
1106 345 1113 412 Ι
1148 346 1229 396 καὶ
1253 349 1512 413 τριγλίδας,
1543 347 1624 397 καὶ
1656 347 1718 412 νὴ
1745 347 1836 399 Δί’

153 419 326 486 ἤρεσεν
363 423 557 490 σφόδρα
591 420 598 492 Ι
633 424 751 491 ἡμῖν
790 427 987 477 ἅπασιν.
1048 432 1111 476 A.
1144 423 1244 477 εἶτα
1283 427 1364 477 καὶ
1406 436 1518 492 νῦν,
1558 423 1661 478 εἶπέ
1702 426 1837 496 μοι,Ι

153 503 339 552 τούτων
378 504 557 571 φάγοις
595 504 681 563 ἄνς
735 510 792 557 Φ.
833 506 927 556 κᾶν
966 528 1035 567 τις
1074 505 1218 568 ἄλλος
1257 507 1426 573 μικρὸς
1464 501 1518 578 ᾗ·
1555 507 1560 574 Ι
1594 508 1709 568 τοὺς
1748 508 1840 575 γὰρ

153 584 393 649 μεγάλους
422 586 627 646 τούτους
658 588 877 648 ἅπαντας
901 589 1132 653 νενόμικα
1167 586 1174 656 Ι
1209 588 1647 656 ἀνθρωποφάγους
1681 590 1839 654 ἰχθῦς.

154 667 214 712 A.
247 664 295 712 τί
322 665 439 729 φής,
473 661 510 715 ὦ
544 669 755 732 φίλτατε,
791 670 796 729 Ι
832 668 1293 736 ἀνθρωποφάγονς;
1333 678 1460 730 πῶς;
1529 672 1635 720 Iam
1670 688 1842 721 servus

153 747 406 808 intercipit
445 750 608 811 lepide
655 751 781 798 illud
826 752 1037 800 verbum
1081 753 1463 813 interpretatus:
1527 745 1597 799 ὧν
1644 749 1706 799 ἂν
1752 748 1839 800 ἅν-

154 830 362 890 θρωπος
386 829 555 894 φάγοι,
591 830 597 890 Ι
635 830 787 894 δῆλον
813 829 897 879 ὅτι.
944 837 1095 879 ταῦτα
1121 827 1166 879 δ’
1195 829 1322 879 ἐστὶν
1337 827 1538 894 Ἑλένης
1563 831 1811 896 βρώματα,
1833 827 1838 899 Ι

154 907 185 954 ἅ
226 923 380 971 φησιν
420 903 581 972 οὗτος,
621 911 850 973 μαινίδας
889 909 972 959 καὶ
1010 911 1264 976 τριγλίδας.
1322 913 1506 960 Iisdem
1536 913 1641 961 fere
1672 914 1840 962 verbis

152 989 284 1037 idem
324 991 635 1054 Antiphanes
676 992 796 1040 lusit
836 993 888 1039 in
920 992 1100 1040 Curide
1142 986 1283 1058 (Ath.
1310 992 1409 1040 VII
1444 995 1547 1042 303
1584 1014 1652 1031 =
1685 994 1735 1041 Π
1771 996 1837 1042 63

152 1065 337 1135 Kock):
378 1068 404 1120 ὅ
437 1068 525 1134 μὲν
557 1069 691 1140 ἀγρῷ
723 1070 1021 1136 τρεφόμενος
1055 1069 1062 1137 Ι
1095 1072 1359 1122 θαλάττιον
1391 1070 1481 1136 μὲν
1513 1067 1658 1132 οὗτος
1690 1071 1840 1123 οὐδὲν

154 1147 333 1214 ε’σθίει,
377 1147 384 1215 Ι
426 1149 555 1214 πλὴν
600 1159 698 1200 τῶν
742 1150 876 1215 παρὰ
920 1158 1016 1216 γῆν
1055 1150 1147 1201 κτὲ.
1222 1154 1337 1202 Alio
1379 1155 1464 1203 sed
1504 1155 1666 1203 minus
1705 1159 1838 1204 recte

154 1231 420 1296 detorquet
459 1234 758 1282 Eustathius
797 1234 1005 1282 verbum
1044 1231 1447 1300 ἀνθρωποφάγος
1485 1252 1530 1296 p.
1567 1237 1724 1295 1630,
1769 1240 1831 1283 11

152 1313 288 1360 καθά
326 1331 397 1371 τις
435 1313 518 1362 καὶ
557 1313 753 1378 ἰχθύας,
792 1314 842 1362 οἳ
878 1316 1063 1363 πολλοῦ
1102 1312 1356 1378 ἐτιμῶντο,
1397 1313 1838 1381 ἀνθρωποφάγους

154 1387 257 1442 εἷπε
432 1392 498 1453 ὡς
542 1394 627 1453 τὰς
673 1394 957 1458 περιουσίας
1003 1402 1099 1443 τῶν
1145 1395 1447 1459 τρυφώντων
1493 1404 1840 1455 κατασπῶντας

153 1468 234 1523 οἷα
288 1473 506 1535 ἐκείνους
563 1475 755 1534 αὐτούς.
842 1474 1075 1524 Ceterum
1130 1476 1188 1524 cf.
1238 1493 1283 1538 p.
1331 1478 1435 1524 124
1484 1477 1593 1526 adn.
1636 1479 1680 1525 2.
1766 1477 1842 1526 De

152 1555 370 1605 Diodoro
409 1557 524 1606 vide
564 1573 714 1619 supra
752 1574 798 1618 p.
837 1558 956 1604 122.

266 1637 432 1685 XXIV
494 1632 562 1688 V.
607 1633 661 1686 l.
710 1636 879 1686 Verba
924 1634 1043 1685 ἀλλὰ
1088 1634 1258 1700 παρεὶς
1296 1640 1449 1702 λῆρον
1488 1635 1647 1686 πολύν
1693 1637 1839 1686 facile

153 1718 442 1766 referuntur
482 1720 544 1767 ad
583 1717 856 1782 fragmenti
902 1717 1238 1766 antecedentis
1278 1718 1488 1779 exitum,
1535 1717 1649 1767 vide
1689 1733 1842 1780 supra

152 1815 201 1860 p.
230 1800 349 1847 138.
405 1798 575 1849 Verba
605 1802 758 1863 λῆρον
788 1796 948 1847 πολύν
979 1799 1123 1860 quasi
1144 1798 1398 1860 proverbii
1421 1799 1528 1847 loco
1554 1798 1649 1846 dici
1671 1802 1843 1847 monet

151 1879 431 1928 Meinekius
480 1880 674 1928 collatis
722 1878 821 1928 Cic.
862 1879 924 1926 ad
962 1877 1070 1927 Att.
1109 1878 1230 1931 XVI
1271 1883 1296 1926 1
1360 1874 1536 1944 “λῆρος
1581 1877 1736 1937 πολὺς
1789 1880 1842 1927 in

151 1949 266 2010 <rino
308 1963 360 2010 et
396 1961 447 2009 in
488 1977 659 2010 somno
707 1955 946 2009 istorum'
1003 1962 1055 2009 et
1092 1960 1348 2022 Aristoph.
1389 1960 1584 2023 Polyid.
1631 1961 1691 2009 fr.
1734 1963 1840 2010 390

150 2041 299 2090 Dind.
333 2034 381 2107 (1
415 2043 519 2091 508
552 2035 741 2108 Kock):
782 2039 834 2089 τὸ
873 2037 967 2106 γὰρ
1006 2039 1277 2103 φοβεῖσθαι
1315 2038 1400 2088 τὸν
1434 2039 1660 2089 θάνατον
1690 2043 1841 2104 λῆρος

150 2120 319 2180 πολύς.
381 2115 451 2171 V.
478 2116 512 2170 2
552 2137 653 2170 non
691 2123 769 2170 est
800 2121 932 2185 quod
963 2136 1076 2181 cum
1106 2120 1379 2168 Ribbeckio
1412 2120 1652 2168 traditam
1684 2121 1836 2183 scrip-

150 2205 319 2250 turam
350 2204 598 2251 mutemus
631 2202 903 2251 scribentes
934 2198 1084 2264 χηλάς
1106 2217 1156 2248 τε
1186 2215 1276 2262 pro
1307 2195 1464 2258 ἄλλως
1487 2217 1535 2248 τε
1568 2195 1840 2264 (praestat

154 2282 447 2332 adverbium
470 2283 612 2332 velut
635 2281 836 2345 ἀφάτως
858 2298 908 2330 τε
932 2275 1166 2346 βαρείας.’
1198 2273 1497 2346 Kaibelius).
1544 2281 1839 2330 Rectissime

153 2356 286 2412 enim
317 2363 712 2412 Bussemakerus
743 2359 900 2419 ἄλλως
931 2362 1292 2423 interpretatur
1331 2355 1673 2426 ‘ceteroquin',
1711 2362 1841 2411 sicut

153 2445 341 2508 legitur
364 2444 496 2506 apud
521 2445 731 2492 eundem
758 2444 1139 2492 Archestratum
1163 2443 1224 2492 fr.
1248 2442 1290 2490 L
1318 2444 1373 2490 2:
1406 2438 1562 2501 ἄλλως
1585 2438 1625 2490 τ’
1646 2440 1839 2506 εὔοψον

154 2522 350 2589 σφόδρα
395 2523 574 2589 χωρίον
621 2521 717 2573 ἐστὶ
767 2523 1039 2589 Κάρυστος.
1129 2523 1304 2586 Neque
1351 2523 1483 2571 enim
1529 2524 1654 2572 illud
1706 2524 1838 2572 tanti

149 2605 321 2668 refert,
358 2605 511 2668 longa
542 2620 651 2654 esse
682 2604 888 2654 brachia
917 2603 1096 2665 cancri,
1135 2602 1309 2668 quanti
1339 2603 1495 2652 refert
1524 2604 1702 2666 gravia.
1729 2619 1838 2654 esse

151 2688 204 2734 et
249 2700 439 2749 crassa3
495 2701 650 2749 quare
694 2674 793 2734 non
840 2685 965 2735 satis
1013 2685 1167 2734 habet
1210 2684 1396 2733 dixisse
1444 2683 1647 2733 brachia.
1656 2673 1837 2748 ’longa

153 2760 372 2832 (possint
396 2766 528 2815 enim
552 2766 645 2814 hae
678 2767 761 2815 vel
784 2765 956 2815 tenuia
980 2758 1130 2832 esse),
1170 2765 1256 2813 sed
1287 2763 1428 2813 addit
1458 2758 1530 2812 ‘et
1552 2765 1839 2828 ceteroquin

157 2842 369 2911 gravia'.
448 2846 693 2896 Subtilius
742 2846 916 2895 deinde
956 2861 1105 2910 quam
1143 2843 1332 2894 rectius
1369 2843 1611 2894 interesse
1650 2845 1841 2908 aliquid

155 2927 460 2978 Ribbeckius
500 2927 684 2979 statuit
719 2927 852 2977 inter
890 2929 1051 2994 χεῖρας
1082 2928 1133 2977 et
1163 2923 1333 2990 χηλᾶςε
1372 2927 1507 2975 totos
1539 2924 1673 2975 enim
1702 2929 1839 2976 asta-
