2038 3140
871 145 938 151 -—
1019 111 1090 166 94
1166 144 1238 151 -—
1636 131 1900 165 MATRONIS

219 252 377 302 vatio:
425 251 705 313 Hesychius
744 249 916 298 ὕδναι·
958 248 1170 315 ἔγγοναι,
1210 247 1501 313 σύντροφοι;
1541 249 1674 297 idem
1712 246 1906 296 ὑδνεῖν·

219 329 431 396 τρέφειν,
462 330 677 395 κρύβειν.
740 327 930 390 αὔξεινς
970 332 1026 378 Ε.
1052 331 1117 380 Μ.
1150 348 1196 392 p.
1226 332 1345 393 776,
1373 333 1437 378 11
1473 327 1607 378 ὑδνῶ
1644 327 1696 378 τὸ
1729 326 1889 394 τρέφω

215 411 296 460 καὶ
335 410 505 460 ὑδνεῖν
543 409 596 460 τὸ
635 407 844 476 τρέφειν.

800 558 1230 620 Fragmentum
1267 556 1319 604 II

327 655 401 702 De
434 654 667 703 universo
703 653 987 715 fragmento
1020 653 1131 701 vide
1166 668 1315 715 supra
1346 669 1392 714 p.
1420 654 1486 702 55
1507 669 1579 716 sq.
1640 653 1698 702 V.
1737 656 1780 701 1.
1829 653 1906 702 De

218 737 401 784 soncho
433 735 560 783 Plin.
592 735 653 784 N.
678 735 740 784 H.
765 734 910 782 XXII
941 735 1007 783 88
1042 729 1219 782 ‘Estur
1252 738 1302 782 et
1336 734 1547 782 sonchus
1574 760 1643 766 —
1670 737 1727 782 ut
1759 749 1903 796 quem

217 817 407 865 Theseo
434 817 564 878 apud
591 814 950 864 Callimachum
977 815 1197 877 adponat
1220 815 1405 864 Hecale
1428 842 1489 848 —
1510 818 1735 878 uterque,
1760 815 1906 862 albus

216 902 266 946 et
297 898 451 960 niger.
501 897 748 945 Lactucae
781 896 965 944 similes
999 897 1158 959 ambe,
1197 896 1294 944 nisi
1327 896 1514 959 spinosi
1545 899 1725 957 essent,
1765 896 1907 944 caulo

216 978 437 1042 cubitali,
470 978 726 1040 anguloso,
758 978 894 1025 intus
923 993 1058 1039 cavo,
1092 976 1178 1025 se'd
1209 977 1294 1038 qui
1323 976 1514 1025 fractus
1548 976 1744 1039 copioso
1776 977 1906 1025 lacte

216 1053 427 1107 manat'.
488 1059 604 1106 Non
642 1058 908 1107 admodum
946 1057 1116 1118 magni
1153 1057 1266 1105 illos
1307 1058 1594 1106 aestimatos
1635 1072 1743 1106 esse
1783 1057 1907 1105 disci

215 1141 383 1201 potest
415 1155 473 1187 ex
505 1139 671 1200 lepida
701 1139 1076 1186 narratiuncula
1109 1154 1257 1200 quam
1288 1138 1643 1200 Hegesandrus
1676 1153 1753 1199 ap.
1784 1137 1906 1187 Ath.

214 1217 286 1264 VI
328 1220 479 1267 2506
525 1218 718 1280 profert
763 1219 823 1266 de
869 1217 1098 1281 Euclide,
1146 1219 1225 1267 cui
1265 1234 1376 1266 cum
1415 1218 1693 1279 complures
1734 1217 1907 1266 sonchi

217 1302 384 1347 essent
423 1299 639 1361 appositi
678 1295 703 1346 ὃ
734 1298 1032 1362 Καπανεύς,
1070 1299 1254 1362 inquit,
1295 1296 1320 1347 ὁ
1359 1296 1457 1347 ὑπὸ
1496 1303 1583 1347 τοῦ
1623 1288 1905 1362 Εὐριπίδου

217 1378 530 1445 εἰσαγόμενος
569 1377 622 1428 έν
667 1383 772 1438 ταῖς
799 1375 1021 1428 Ἱκέτισιν
1061 1372 1131 1446 (v.
1163 1381 1291 1443 864,
1330 1380 1417 1427 ubi
1457 1373 1683 1446 φεύγων)
1722 1376 1905 1443 ὑπερα-

218 1464 370 1519 στεῖος
401 1454 466 1524 ἦν
499 1455 675 1523 “μισῶν
706 1457 943 1525 τραπέζας
975 1458 1104 1518 ὅστις
1135 1455 1418 1525 ἐξογκοῖτ’
1447 1455 1617 1525 ἅγαν’.
1662 1459 1722 1508 V.
1742 1462 1771 1508 3
1798 1461 1906 1508 bul-

215 1543 362 1591 binae
378 1542 512 1591 Iovis
529 1542 772 1590 vocantur
789 1540 1030 1589 cantrices
1049 1541 1164 1603 quia
1179 1541 1370 1590 ventris
1389 1541 1538 1589 flatus
1555 1541 1784 1604 gignunt,
1809 1541 1905 1589 nisi

219 1638 275 1671 eo
307 1622 486 1670 referri
516 1622 699 1670 debent
729 1621 819 1669 illa
848 1621 1017 1685 verba,
1051 1622 1182 1684 quod
1213 1622 1266 1669 in
1296 1622 1470 1684 patina
1501 1623 1619 1671 dum
1650 1624 1907 1670 torrentur

219 1703 484 1751 stridorem
524 1703 691 1764 edunt,
731 1702 810 1751 cui
848 1702 922 1751 rei
958 1718 1057 1750 non
1097 1703 1299 1752 obstare
1329 1706 1452 1766 puto
1485 1704 1617 1766 quod
1654 1720 1699 1753 v.
1727 1705 1757 1752 5
1791 1703 1906 1752 nive

218 1783 527 1832 candidiores
561 1783 898 1845 appellantur:
937 1784 1039 1832 11116
1079 1785 1211 1832 enim
1248 1783 1484 1833 bulbinae
1522 1785 1755 1833 dicuntur
1793 1799 1905 1832 cum

218 1864 494 1927 friguntur,
532 1865 612 1912 1116
652 1864 831 1912 crudae
868 1864 1212 1925 putaminibus
1252 1865 1503 1914 detractis.
1570 1863 1804 1912 Ceterum
1843 1865 1905 1914 cf.

219 1943 382 1993 Cenae
411 1961 457 1994 v.
486 1945 568 1993 63.
622 1943 683 1993 V.
710 1945 743 1991 4
775 1941 828 1992 έν
859 1942 1012 2013 χόρτῳ
1046 1944 1480 2007 Stadtmuellerus,
1517 1947 1570 1993 at
1599 1945 1695 1993 loci
1725 1960 1906 1994 nomen

217 2025 475 2088 proprium
521 2025 719 2087 requiro
767 2025 896 2073 sicut
940 2026 981 2072 Β
1007 2027 1110 2074 766
1152 2022 1205 2074 ἕν
1243 2025 1436 2094 Πιερίῃ.
1507 2026 1605 2075 Suo
1643 2042 1782 2074 more
1819 2027 1906 2075 ho-

217 2106 430 2155 mericus
469 2106 556 2154 1116
587 2103 709 2163 Διὸς
747 2100 932 2169 ὄμβρος
965 2106 1183 2154 Matroni
1222 2106 1394 2155 existit
1431 2106 1564 2156 Iovis
1602 2106 1736 2155 filius
1778 2107 1906 2155 sicut

219 2186 381 2236 Cenae
426 2203 471 2236 v.
516 2188 618 2235 117
666 2189 910 2250 πλακοῦς,
965 2185 1158 2236 Cereris
1206 2187 1411 2251 donum,
1464 2185 1726 2253 Δήμητρος
1773 2191 1906 2246 παῖς.

221 2267 538 2330 Suspectavit
567 2264 835 2331 φυομένων
858 2267 1137 2316 Meinekius
1169 2269 1248 2316 cui
1271 2271 1360 2317 aut
1388 2265 1617 2331 ὑομένων
1638 2268 1906 2318 videbatur

220 2347 534 2396 scribendum
573 2348 754 2396 collato
785 2363 936 2398 versu
969 2350 1000 2397 3
1041 2342 1125 2415 (cf.
1155 2349 1305 2407 §131
1342 2347 1551 2412 ὑόμενος
1582 2349 1757 2413 eadem
1788 2347 1904 2396 sede

219 2420 419 2493 versus)
474 2429 562 2475 aut
614 2423 882 2490 θυομένων
917 2422 1151 2491 ‘quando
1197 2424 1504 2478 mactantur’
1558 2432 1618 2478 ut
1661 2428 1906 2477 Horatius

221 2507 405 2556 dixerit
443 2502 675 2570 eporrum
715 2523 802 2557 seu
841 2523 990 2570 caepe
1027 2508 1249 2558 trucidas
1262 2503 1295 2559 '.
1363 2509 1596 2558 Alterum
1633 2509 1727 2557 hoc
1763 2522 1905 2570 prae-

219 2588 339 2652 tuli,
387 2589 473 2636 sed
510 2589 584 2637 ita
625 2591 685 2637 ut
721 2585 991 2651 θυομένων
1028 2589 1206 2638 referri
1242 2590 1394 2639 velim
1431 2590 1496 2638 ad
1534 2589 1699 2638 odoris
1739 2588 1906 2638 suavi·

219 2672 398 2733 tatem,
446 2669 533 2731 qui
579 2684 606 2718 6
651 2669 870 2718 bulbinis
915 2684 1086 2718 recens
1131 2669 1292 2718 frictis
1339 2669 1566 2718 adflatur.
1642 2668 1903 2730 Nusquam

223 2749 355 2797 enim
394 2750 526 2811 apud
555 2749 830 2798 Homerum
859 2753 1017 2798 θῦσαι
1046 2750 1107 2798 de
1141 2749 1444 2800 immolanda
1472 2749 1638 2798 hostia
1670 2741 1903 2814 (σφάξαι)

221 2833 509 2893 usurpatur,
549 2830 636 2880 sed
675 2831 736 2880 de
767 2830 1028 2879 offerendis
1067 2827 1307 2896 ἀπαρχαῖς
1342 2829 1575 2892 idemque
1604 2828 1741 2878 valet
1772 2829 1903 2891 quod

222 2914 484 2973 θυμιᾶσαι,
522 2910 582 2959 cf.
612 2911 834 2962 Ariston.
874 2911 938 2959 ad
978 2912 1010 2958 I
1036 2913 1158 2974 219,
1197 2910 1393 2960 Lehrsii
1430 2908 1705 2958 Aristarch.
1736 2925 1782 2971 p.
1817 2909 1903 2959 82.
