2038 3140
129 165 447 199 FRAGMENTA
765 179 838 185 —
920 150 1022 202 175
1097 178 1167 187 —

132 282 269 340 Quae
321 283 503 331 similia
554 284 923 345 excogitaverat
969 284 1294 348 Ribbeckius,
1355 301 1508 349 supra
1561 285 1813 347 adscripsi.

134 362 367 412 Ceterum
400 364 487 411 cfr.
511 364 657 412 Matr.
685 365 748 413 81
780 380 874 426 sq.:
907 362 995 423 οὓς
1024 360 1050 414 ὃ
1082 365 1310 431 μάγειρος
1344 363 1351 430 Ι
1387 367 1659 425 σίζοντας
1689 382 1814 430 παρ-

131 441 283 507 έθηκε
307 441 474 507 φέρων
500 448 549 493 et
574 444 899 493 Pherecrates
926 461 1002 507 ap.
1018 446 1135 494 Ath.
1155 447 1225 494 VI
1257 450 1397 497 2280
1424 443 1471 514 (Ι
1499 449 1602 496 173
1628 441 1811 511 Kock):

131 522 229 573 ἀπὸ
248 523 464 589 τηγάνου
483 520 523 572 τ’
546 523 757 587 ἔφασκεν
780 522 948 587 ἀφύας
967 530 1158 591 φαγεῖν.
1203 528 1586 577 Proverbiorum
1604 528 1814 576 duorum

131 620 306 654 ansam
346 607 484 654 dedit
523 621 677 669 apua,
717 607 953 654 alterum:
1010 605 1083 655 ἴδε
1122 614 1222 671 πῦρ
1261 605 1428 671 ἀφύη,
1468 609 1607 657 cuius
1648 608 1815 671 gratia

131 687 448 736 Archestrati
477 688 630 736 verba
654 687 800 735 affert
825 686 1106 749 Clearchus,
1151 689 1388 737 alterum:
1430 686 1571 750 ἀφύα
1610 685 1657 745 ἐς
1689 693 1811 750 πῦρ;

131 764 211 815 ἐπὶ
233 773 330 816 τῶν
354 765 488 826 τέλος
518 764 605 826 ὀξὺ
638 766 1005 832 λαμβανόντων.
1058 768 1264 832 Τάχιστα
1288 768 1380 834 γὰρ
1405 766 1436 832 ἡ
1462 767 1603 832 ἀφύα
1630 765 1812 831 ἕψεται.

242 847 314 895 ΧΙ
367 849 447 897 Ad
489 850 789 897 sententiam
820 849 906 896 cfr.
931 849 1002 895 IX
1037 852 1083 912 5,
1116 849 1327 896 XXXIV
1364 852 1430 898 10
1453 865 1555 911 sqq.
1598 852 1648 898 et
1679 850 1813 896 Mar-

127 929 263 977 tialis
303 929 428 977 XIII
469 931 539 978 84
580 931 639 978 de
680 945 842 978 scaro:
886 924 991 977 ehic
1031 945 1214 991 scarus,
1255 930 1513 992 aequoreis
1554 931 1639 992 qui
1676 930 1814 979 venit

128 1010 342 1059 adesus
381 1011 444 1058 ab
483 1006 674 1060 undis'.

239 1091 338 1139 XII
389 1085 460 1142 V.
495 1086 551 1142 2.
601 1092 758 1140 Piscis
797 1107 976 1140 nomen
1015 1089 1161 1149 ἰωνός
1200 1093 1406 1140 affertur
1445 1093 1508 1140 ab
1540 1092 1812 1155 Hesychio:

130 1169 296 1230 ἶωνός·
338 1170 484 1235 ἰχθὺς
514 1171 667 1231 ποιός.
729 1173 1082 1220 Archestratus
1115 1171 1423 1221 deminutiva
1453 1173 1613 1220 forma
1635 1173 1812 1221 utitur.

128 1246 196 1300 V.
245 1246 299 1300 3.
364 1252 561 1302 Selinus
608 1254 789 1302 fluvius
844 1251 1019 1315 σεμνός
1073 1254 1356 1316 appellatur
1406 1253 1643 1301 nimirum
1698 1253 1815 1316 quia

127 1332 320 1381 Dianae
337 1333 587 1395 Ephesiae
612 1334 988 1383 celeberrimum
1012 1333 1254 1395 templum
1277 1334 1664 1395 praeterfluebat
1683 1337 1813 1382 teste

129 1412 373 1462 Strabone
410 1413 534 1461 VIII
575 1415 695 1464 387.

240 1494 364 1542 XIII
401 1505 455 1544 V.
492 1489 522 1542 l
567 1494 757 1559 σπάρον
805 1495 1001 1557 scripsi,
1041 1496 1101 1543 de
1142 1512 1238 1558 quo
1278 1495 1390 1545 vide
1431 1511 1579 1557 supra
1618 1512 1662 1556 p.
1705 1497 1805 1544 131

131 1578 182 1623 et
218 1577 337 1624 134.
401 1569 472 1625 V.
508 1570 564 1626 3.
604 1576 930 1625 Philoxenum
965 1576 1387 1639 dithyrambioum
1413 1579 1563 1638 poeta
1586 1577 1814 1624 imitatur

132 1650 215 1722 (fr.
236 1658 266 1704 2
293 1649 510 1722 Bergk):
553 1655 691 1721 βάτις
722 1652 767 1705 δ’
797 1653 936 1719 ἐνέης
968 1655 1295 1715 ἰσόκυκλος.
1347 1656 1648 1704 Ribbeckius
1675 1663 1813 1719 σῶμα

127 1738 353 1786 restituit
391 1754 480 1800 pro
520 1744 652 1786 νῶτα
689 1738 871 1786 collato
911 1738 1050 1786 Batr.
1089 1755 1134 1787 v.
1176 1739 1269 1798 443
1309 1737 1538 1786 similiter
1573 1737 1682 1799 ipse
1721 1738 1812 1785 Ar·

130 1819 411 1868 chestratus
427 1818 543 1866 LIX
563 1821 593 1866 2
619 1826 773 1882 κρᾶτα
789 1824 1056 1882 φοροῦντα.
1096 1819 1191 1867 Sed
1209 1819 1414 1867 offendit
1432 1818 1600 1866 hiatus
1617 1834 1811 1880 quoque

130 1899 305 1967 κυκλίᾳ
344 1897 478 1962 ἴσον,
533 1915 679 1961 quem
727 1914 963 1949 excusare
1007 1915 1108 1947 non
1154 1899 1314 1948 ausim
1353 1902 1442 1948 aut
1480 1914 1686 1948 caesura
1723 1903 1813 1947 aut

129 1981 378 2030 homerico
409 1997 505 2029 usu
529 1981 758 2030 vocabuli
789 1974 893 2039 ἶσος
924 1995 956 2029 a
979 1981 1282 2043 digammate
1304 1980 1600 2042 incipientis.
1652 1979 1812 2037 Quam

131 2060 195 2108 ob
233 2076 339 2109 rem
378 2060 554 2122 scripsi
589 2058 889 2126 κεύμεγέθη,
933 2061 1106 2130 κυκλίῃ
1145 2057 1267 2124 <δ’>
1307 2059 1419 2110 ἴσον
1463 2059 1635 2109 ἀσπίδι
1673 2066 1811 2123 σῶμα

27 2157 30 2160 ’
130 2146 403 2205 φοροῦντα,
432 2144 492 2189 ut
514 2146 743 2189 accurate
765 2146 917 2203 poeta
938 2142 1070 2191 inter
1092 2141 1490 2204 magnitudinem
1520 2144 1572 2189 et
1601 2142 1811 2189 formam

129 2222 267 2270 illius
291 2221 439 2283 piscis
464 2221 727 2270 discernat.
777 2221 990 2285 Legitur
1019 2219 1263 2288 εὐμεγέθη
1286 2223 1347 2271 fr.
1372 2221 1490 2269 XIV
1519 2223 1567 2281 2,
1597 2220 1735 2268 XXV
1762 2222 1810 2279 2,

130 2302 343 2368 XXXVI
388 2304 436 2351 4.
527 2296 597 2350 V.
645 2296 680 2350 5
733 2318 835 2351 non
878 2303 980 2350 iam
1018 2306 1142 2364 puto
1189 2302 1436 2351 offendere
1482 2301 1579 2350 olei
1622 2301 1809 2349 mentio

131 2383 263 2446 quod
294 2383 511 2431 iteratur
539 2399 584 2431 v.
612 2385 659 2431 7.
722 2381 932 2432 caseum
971 2397 1080 2431 cum
1119 2383 1228 2432 oleo
1262 2382 1463 2431 misceri
1492 2383 1642 2444 poeta
1670 2382 1811 2430 iubet

129 2466 281 2527 atque
320 2464 393 2512 ita
432 2479 635 2526 sparum
670 2462 859 2513 involvi
892 2465 1160 2526 antequam
1197 2466 1415 2524 assetur-3
1453 2463 1635 2511 iterum
1666 2477 1808 2524 prae-

130 2545 254 2607 cipit
291 2546 399 2594 oleo
437 2545 580 2593 illum
611 2559 848 2608 spargere
886 2544 1004 2592 dum
1043 2547 1255 2607 assetur,
1291 2542 1525 2592 nimirum
1563 2559 1674 2592 cum
1709 2558 1811 2591 non

133 2626 258 2675 satis
289 2625 605 2689 pinguedinis
635 2626 688 2674 in
713 2641 766 2675 se
788 2625 986 2675 habeat.
1031 2623 1449 2674 Stadtmuellerus
1480 2620 1668 2692 ἀλεύρῳ
1698 2638 1810 2685 pro·

130 2707 271 2769 ponit
309 2705 508 2756 Sotadis
547 2722 737 2756 memor
774 2705 947 2755 comici
984 2721 1060 2769 ap.
1099 2706 1219 2756 Ath.
1259 2705 1359 2754 VII
1400 2705 1547 2754 293d
1586 2698 1662 2771 (II
1701 2705 1807 2753 448

130 2781 295 2853 Kock)
341 2804 388 2837 v.
430 2789 499 2836 24
545 2782 742 2851 ἐμόλυν’
781 2784 970 2855 ἀλεύρῳ
1017 2779 1146 2853 (scil.
1184 2778 1484 2853 pisciculos).
1560 2784 1659 2834 Sed
1694 2799 1810 2833 nus-

130 2883 284 2932 quam
313 2868 668 2918 Archestratus
706 2868 871 2917 farina
900 2867 1098 2917 triticea
1125 2867 1203 2917 uti
1233 2867 1386 2932 iubet,
1422 2881 1513 2916 nec
1544 2881 1671 2930 quae
1700 2866 1809 2929 ipse

131 2963 285 3012 supra
319 2950 557 3012 proposui
594 2949 717 2998 satis
756 2952 869 2998 tuta
905 2948 1153 2999 videntur.
