<?xml version="1.0" encoding="UTF-8"?>
<!DOCTYPE html PUBLIC "-//W3C//DTD XHTML 1.0 Transitional//EN"
    "http://www.w3.org/TR/xhtml1/DTD/xhtml1-transitional.dtd">
<html xmlns="http://www.w3.org/1999/xhtml" xml:lang="en" lang="en">
 <head>
  <title>
</title>
<meta http-equiv="Content-Type" content="text/html;charset=utf-8" />
  <meta name='ocr-system' content='tesseract 3.04.00' />
  <meta name='ocr-capabilities' content='ocr_page ocr_carea ocr_par ocr_line ocrx_word'/>
</head>
<body>
  <div class='ocr_page' id='page_1' title='image "./corpusculumpoesi01lipsuoft_0113.png"; bbox 0 0 2038 3140; ppageno 0'>
   <div class='ocr_carea' id='block_1_1' title="bbox 116 129 1138 184">
    <p class='ocr_par' dir='ltr' id='par_1_1' title="bbox 116 129 1138 184">
     <span class='ocr_line' id='line_1_1' title="bbox 116 129 1138 184; baseline -0.004 -1"><span class='ocrx_word' id='word_1_1' title='bbox 116 149 434 184; x_wconf 70' lang='lat' dir='ltr'>FRAGMENTA</span> <span class='ocrx_word' id='word_1_2' title='bbox 782 159 843 167; x_wconf 91' lang='lat'>—-</span> <span class='ocrx_word' id='word_1_3' title='bbox 924 129 993 180; x_wconf 87' lang='grc'>99</span> <span class='ocrx_word' id='word_1_4' title='bbox 1077 159 1138 166; x_wconf 78' lang='grc'>-</span> 
     </span>
    </p>
   </div>
   <div class='ocr_carea' id='block_1_2' title="bbox 116 294 1805 1562">
    <p class='ocr_par' dir='ltr' id='par_1_2' title="bbox 783 294 1137 327">
     <span class='ocr_line' id='line_1_2' title="bbox 783 294 1137 327; baseline -0.003 0"><span class='ocrx_word' id='word_1_5' title='bbox 783 294 1137 327; x_wconf 79' lang='lat' dir='ltr'>TESTIMONIVM</span> 
     </span>
    </p>

    <p class='ocr_par' dir='ltr' id='par_1_3' title="bbox 116 364 1805 1562">
     <span class='ocr_line' id='line_1_3' title="bbox 228 364 1801 433; baseline 0.001 -17"><span class='ocrx_word' id='word_1_6' title='bbox 228 369 437 416; x_wconf 83' lang='lat' dir='ltr'>Aristot.</span> <span class='ocrx_word' id='word_1_7' title='bbox 469 367 604 416; x_wconf 84' lang='lat' dir='ltr'>Poet.</span> <span class='ocrx_word' id='word_1_8' title='bbox 641 370 705 416; x_wconf 99' lang='grc'>21</span> <span class='ocrx_word' id='word_1_9' title='bbox 750 368 829 428; x_wconf 87' lang='lat' dir='ltr'>in.,</span> <span class='ocrx_word' id='word_1_10' title='bbox 869 385 916 429; x_wconf 89' lang='lat' dir='ltr'>p.</span> <span class='ocrx_word' id='word_1_11' title='bbox 944 369 1126 415; x_wconf 81' lang='lat' dir='ltr'>1457a</span> <span class='ocrx_word' id='word_1_12' title='bbox 1162 368 1253 415; x_wconf 85' lang='lat'>34:</span> <span class='ocrx_word' id='word_1_13' title='bbox 1295 366 1368 431; x_wconf 85' lang='grc' dir='ltr'>εἴη</span> <span class='ocrx_word' id='word_1_14' title='bbox 1402 364 1446 416; x_wconf 76' lang='grc' dir='ltr'>δ’</span> <span class='ocrx_word' id='word_1_15' title='bbox 1484 366 1546 416; x_wconf 78' lang='grc' dir='ltr'><strong><em>ἂν</em></strong></span> <span class='ocrx_word' id='word_1_16' title='bbox 1584 366 1664 417; x_wconf 85' lang='grc' dir='ltr'><strong><em>καὶ</em></strong></span> <span class='ocrx_word' id='word_1_17' title='bbox 1704 387 1801 433; x_wconf 88' lang='grc' dir='ltr'><strong><em>τρι-</em></strong></span> 
     </span>
     <span class='ocr_line' id='line_1_4' title="bbox 119 443 1802 517; baseline 0.001 -19"><span class='ocrx_word' id='word_1_18' title='bbox 119 453 281 499; x_wconf 84' lang='grc' dir='ltr'><em>πλοῦν</em></span> <span class='ocrx_word' id='word_1_19' title='bbox 306 446 387 496; x_wconf 80' lang='grc' dir='ltr'><strong><em>καὶ</em></strong></span> <span class='ocrx_word' id='word_1_20' title='bbox 403 452 701 512; x_wconf 79' lang='grc' dir='ltr'><strong><em>τετραπλοῦν</em></strong></span> <span class='ocrx_word' id='word_1_21' title='bbox 726 446 806 496; x_wconf 84' lang='grc' dir='ltr'><strong><em>καὶ</em></strong></span> <span class='ocrx_word' id='word_1_22' title='bbox 823 450 1138 496; x_wconf 82' lang='grc' dir='ltr'><strong><em>πολλαπλοῦν</em></strong></span> <span class='ocrx_word' id='word_1_23' title='bbox 1157 444 1330 511; x_wconf 79' lang='grc' dir='ltr'><strong><em>ὄνομα,</em></strong></span> <span class='ocrx_word' id='word_1_24' title='bbox 1355 443 1463 498; x_wconf 81' lang='grc' dir='ltr'><strong><em>οἷον</em></strong></span> <span class='ocrx_word' id='word_1_25' title='bbox 1479 448 1537 498; x_wconf 85' lang='grc' dir='ltr'>τὰ</span> <span class='ocrx_word' id='word_1_26' title='bbox 1554 449 1707 498; x_wconf 81' lang='grc' dir='ltr'><strong><em>πολλὰ</em></strong></span> <span class='ocrx_word' id='word_1_27' title='bbox 1725 444 1802 517; x_wconf 64' lang='lat' dir='ltr'>(P)</span> 
     </span>
     <span class='ocr_line' id='line_1_5' title="bbox 116 523 1802 596; baseline 0 -17"><span class='ocrx_word' id='word_1_28' title='bbox 116 538 213 580; x_wconf 87' lang='grc' dir='ltr'><strong><em>τῶν</em></strong></span> <span class='ocrx_word' id='word_1_29' title='bbox 230 531 299 578; x_wconf 96' lang='grc' dir='ltr'><strong><em>Μ</em></strong></span> <span class='ocrx_word' id='word_1_30' title='bbox 305 532 641 578; x_wconf 84' lang='grc' dir='ltr'><strong><em>ασσαλιωτῶ</em></strong></span> <span class='ocrx_word' id='word_1_31' title='bbox 653 547 685 577; x_wconf 82' lang='grc' dir='ltr'><strong><em>ν</em></strong></span> <span class='ocrx_word' id='word_1_32' title='bbox 701 523 1015 596; x_wconf 86' lang='lat' dir='ltr'>(Aristotelis</span> <span class='ocrx_word' id='word_1_33' title='bbox 1033 529 1148 575; x_wconf 80' lang='lat' dir='ltr'>libri</span> <span class='ocrx_word' id='word_1_34' title='bbox 1165 526 1546 596; x_wconf 74' lang='grc' dir='ltr'><strong><em>Μεγαλιωτῶν)’</em></strong></span> <span class='ocrx_word' id='word_1_35' title='bbox 1573 526 1657 578; x_wconf 89' lang='grc' dir='ltr'>&lt;&lt;Ἑ</span> <span class='ocrx_word' id='word_1_36' title='bbox 1670 549 1695 594; x_wconf 90' lang='grc' dir='ltr'><strong><em>ρ</em></strong></span> <span class='ocrx_word' id='word_1_37' title='bbox 1706 549 1802 594; x_wconf 85' lang='grc' dir='ltr'>μο-</span> 
     </span>
     <span class='ocr_line' id='line_1_6' title="bbox 116 605 1799 677; baseline 0 -18"><span class='ocrx_word' id='word_1_38' title='bbox 116 609 523 669; x_wconf 80' lang='grc' dir='ltr'><strong><em>καϊκόξανθος</em></strong></span> <span class='ocrx_word' id='word_1_39' title='bbox 563 609 963 673; x_wconf 79' lang='grc' dir='ltr'><strong><em>ἐπευξάμενος</em></strong></span> <span class='ocrx_word' id='word_1_40' title='bbox 1002 606 1101 656; x_wconf 86' lang='grc' dir='ltr'>Διὶ</span> <span class='ocrx_word' id='word_1_41' title='bbox 1139 610 1345 672; x_wconf 83' lang='grc' dir='ltr'><strong><em>πατρί»</em></strong></span> <span class='ocrx_word' id='word_1_42' title='bbox 1390 605 1485 677; x_wconf 82' lang='grc' dir='ltr'>(ἐπ.</span> <span class='ocrx_word' id='word_1_43' title='bbox 1518 614 1577 660; x_wconf 92' lang='grc' dir='ltr'>Δ.</span> <span class='ocrx_word' id='word_1_44' title='bbox 1617 629 1665 659; x_wconf 93' lang='grc' dir='ltr'>π.</span> <span class='ocrx_word' id='word_1_45' title='bbox 1708 627 1799 659; x_wconf 90' lang='lat' dir='ltr'>om.</span> 
     </span>
     <span class='ocr_line' id='line_1_7' title="bbox 117 684 1801 757; baseline -0.001 -16"><span class='ocrx_word' id='word_1_46' title='bbox 117 693 327 741; x_wconf 87' lang='lat' dir='ltr'>Aristot.</span> <span class='ocrx_word' id='word_1_47' title='bbox 367 684 522 757; x_wconf 84' lang='lat' dir='ltr'><strong>libri).</strong></span> <span class='ocrx_word' id='word_1_48' title='bbox 595 691 671 739; x_wconf 82' lang='lat' dir='ltr'>Sic</span> <span class='ocrx_word' id='word_1_49' title='bbox 713 693 842 739; x_wconf 83' lang='lat' dir='ltr'>enim</span> <span class='ocrx_word' id='word_1_50' title='bbox 882 692 1011 739; x_wconf 84' lang='lat' dir='ltr'>hune</span> <span class='ocrx_word' id='word_1_51' title='bbox 1048 690 1213 738; x_wconf 82' lang='lat' dir='ltr'>locum</span> <span class='ocrx_word' id='word_1_52' title='bbox 1243 707 1402 752; x_wconf 86' lang='lat' dir='ltr'>nuper</span> <span class='ocrx_word' id='word_1_53' title='bbox 1432 693 1657 740; x_wconf 70' lang='lat' dir='ltr'><strong>restituit</strong></span> <span class='ocrx_word' id='word_1_54' title='bbox 1688 694 1801 740; x_wconf 93' lang='lat' dir='ltr'>Die-</span> 
     </span>
     <span class='ocr_line' id='line_1_8' title="bbox 117 765 1803 838; baseline 0 -17"><span class='ocrx_word' id='word_1_55' title='bbox 117 774 273 822; x_wconf 90' lang='lat' dir='ltr'>lesius</span> <span class='ocrx_word' id='word_1_56' title='bbox 315 767 476 836; x_wconf 65' lang='lat' dir='ltr'>(‘Ber.</span> <span class='ocrx_word' id='word_1_57' title='bbox 510 773 597 819; x_wconf 86' lang='lat' dir='ltr'>der</span> <span class='ocrx_word' id='word_1_58' title='bbox 636 773 767 820; x_wconf 85' lang='lat' dir='ltr'>Berl.</span> <span class='ocrx_word' id='word_1_59' title='bbox 800 765 980 819; x_wconf 63' lang='lat' dir='ltr'>Akad?</span> <span class='ocrx_word' id='word_1_60' title='bbox 1025 772 1165 819; x_wconf 82' lang='lat'>1888</span> <span class='ocrx_word' id='word_1_61' title='bbox 1206 788 1252 832; x_wconf 90' lang='lat' dir='ltr'>p.</span> <span class='ocrx_word' id='word_1_62' title='bbox 1280 774 1345 819; x_wconf 82' lang='lat'>52</span> <span class='ocrx_word' id='word_1_63' title='bbox 1368 766 1464 838; x_wconf 86' lang='lat' dir='ltr'>sq.)</span> <span class='ocrx_word' id='word_1_64' title='bbox 1506 789 1564 820; x_wconf 81' lang='lat' dir='ltr'>ex</span> <span class='ocrx_word' id='word_1_65' title='bbox 1603 774 1803 822; x_wconf 84' lang='lat' dir='ltr'>arabica</span> 
     </span>
     <span class='ocr_line' id='line_1_9' title="bbox 119 847 1802 915; baseline -0.001 -13"><span class='ocrx_word' id='word_1_66' title='bbox 119 854 350 903; x_wconf 73' lang='lat' dir='ltr'>Poeticae</span> <span class='ocrx_word' id='word_1_67' title='bbox 376 853 605 901; x_wconf 83' lang='lat' dir='ltr'>versione</span> <span class='ocrx_word' id='word_1_68' title='bbox 631 869 660 900; x_wconf 88' lang='lat' dir='ltr'>a</span> <span class='ocrx_word' id='word_1_69' title='bbox 683 852 1070 915; x_wconf 84' lang='lat' dir='ltr'>Margoliouthio</span> <span class='ocrx_word' id='word_1_70' title='bbox 1094 852 1146 899; x_wconf 92' lang='lat' dir='ltr'>in</span> <span class='ocrx_word' id='word_1_71' title='bbox 1180 847 1452 901; x_wconf 67' lang='lat' dir='ltr'>‘Analeetis</span> <span class='ocrx_word' id='word_1_72' title='bbox 1479 854 1802 902; x_wconf 73' lang='lat' dir='ltr'>orientalibus</span> 
     </span>
     <span class='ocr_line' id='line_1_10' title="bbox 118 927 1802 983; baseline -0.001 0"><span class='ocrx_word' id='word_1_73' title='bbox 118 935 181 983; x_wconf 86' lang='lat' dir='ltr'>ad</span> <span class='ocrx_word' id='word_1_74' title='bbox 212 934 469 983; x_wconf 85' lang='lat' dir='ltr'>Poeticam</span> <span class='ocrx_word' id='word_1_75' title='bbox 494 927 878 983; x_wconf 82' lang='lat' dir='ltr'>Aristoteleam&#39;</span> <span class='ocrx_word' id='word_1_76' title='bbox 912 933 1058 981; x_wconf 86' lang='lat' dir='ltr'>edita.</span> <span class='ocrx_word' id='word_1_77' title='bbox 1121 932 1380 982; x_wconf 89' lang='lat' dir='ltr'>Versionis</span> <span class='ocrx_word' id='word_1_78' title='bbox 1413 934 1543 981; x_wconf 89' lang='lat' dir='ltr'>enim</span> <span class='ocrx_word' id='word_1_79' title='bbox 1575 934 1802 982; x_wconf 82' lang='lat' dir='ltr'>arabicae</span> 
     </span>
     <span class='ocr_line' id='line_1_11' title="bbox 119 1015 1802 1077; baseline 0 -14"><span class='ocrx_word' id='word_1_80' title='bbox 119 1016 256 1064; x_wconf 87' lang='lat' dir='ltr'>illius</span> <span class='ocrx_word' id='word_1_81' title='bbox 295 1016 391 1063; x_wconf 83' lang='lat' dir='ltr'>loci</span> <span class='ocrx_word' id='word_1_82' title='bbox 420 1015 771 1077; x_wconf 73' lang='lat' dir='ltr'>interpretatio</span> <span class='ocrx_word' id='word_1_83' title='bbox 811 1015 968 1063; x_wconf 86' lang='lat' dir='ltr'>latina</span> <span class='ocrx_word' id='word_1_84' title='bbox 1005 1015 1128 1062; x_wconf 86' lang='lat' dir='ltr'>haee</span> <span class='ocrx_word' id='word_1_85' title='bbox 1168 1018 1265 1062; x_wconf 86' lang='lat' dir='ltr'>est:</span> <span class='ocrx_word' id='word_1_86' title='bbox 1313 1016 1469 1063; x_wconf 88' lang='lat' dir='ltr'>sicut</span> <span class='ocrx_word' id='word_1_87' title='bbox 1506 1017 1697 1064; x_wconf 90' lang='lat' dir='ltr'>multa</span> <span class='ocrx_word' id='word_1_88' title='bbox 1736 1016 1802 1063; x_wconf 88' lang='lat' dir='ltr'>de</span> 
     </span>
     <span class='ocr_line' id='line_1_12' title="bbox 117 1094 1801 1159; baseline 0.001 -14"><span class='ocrx_word' id='word_1_89' title='bbox 117 1097 495 1146; x_wconf 85' lang='lat' dir='ltr'>Massaliotis</span> <span class='ocrx_word' id='word_1_90' title='bbox 550 1096 961 1144; x_wconf 85' lang='lat' dir='ltr'>Ermokaikon</span> <span class='ocrx_word' id='word_1_91' title='bbox 1015 1094 1292 1144; x_wconf 80' lang='lat' dir='ltr'>Xanthus</span> <span class='ocrx_word' id='word_1_92' title='bbox 1352 1096 1450 1158; x_wconf 88' lang='lat' dir='ltr'>qui</span> <span class='ocrx_word' id='word_1_93' title='bbox 1498 1097 1801 1159; x_wconf 82' lang='lat' dir='ltr'>supplica-</span> 
     </span>
     <span class='ocr_line' id='line_1_13' title="bbox 118 1169 1804 1241; baseline 0 -15"><span class='ocrx_word' id='word_1_94' title='bbox 118 1179 298 1226; x_wconf 86' lang='lat' dir='ltr'>batur</span> <span class='ocrx_word' id='word_1_95' title='bbox 337 1178 635 1226; x_wconf 88' lang='lat' dir='ltr'>dominum</span> <span class='ocrx_word' id='word_1_96' title='bbox 675 1177 976 1225; x_wconf 84' lang='lat' dir='ltr'>caelorum</span> <span class='ocrx_word' id='word_1_97' title='bbox 1015 1169 1295 1240; x_wconf 61' lang='lat' dir='ltr'>Cdominus</span> <span class='ocrx_word' id='word_1_98' title='bbox 1344 1171 1618 1225; x_wconf 84' lang='lat' dir='ltr'>caelorum&#39;</span> <span class='ocrx_word' id='word_1_99' title='bbox 1666 1177 1804 1241; x_wconf 84' lang='lat' dir='ltr'>Syris</span> 
     </span>
     <span class='ocr_line' id='line_1_14' title="bbox 119 1249 1805 1323; baseline 0.001 -17"><span class='ocrx_word' id='word_1_100' title='bbox 119 1259 251 1307; x_wconf 89' lang='lat' dir='ltr'>idem</span> <span class='ocrx_word' id='word_1_101' title='bbox 282 1259 420 1308; x_wconf 84' lang='lat' dir='ltr'>valet</span> <span class='ocrx_word' id='word_1_102' title='bbox 452 1258 584 1321; x_wconf 83' lang='lat' dir='ltr'>quod</span> <span class='ocrx_word' id='word_1_103' title='bbox 608 1257 811 1306; x_wconf 85' lang='lat' dir='ltr'>Graecis</span> <span class='ocrx_word' id='word_1_104' title='bbox 837 1249 1001 1323; x_wconf 83' lang='grc' dir='ltr'>Ζεύς).</span> <span class='ocrx_word' id='word_1_105' title='bbox 1051 1255 1285 1304; x_wconf 88' lang='lat' dir='ltr'>Ceterum</span> <span class='ocrx_word' id='word_1_106' title='bbox 1315 1256 1562 1306; x_wconf 89' lang='lat' dir='ltr'>Dielesius</span> <span class='ocrx_word' id='word_1_107' title='bbox 1596 1259 1805 1307; x_wconf 82' lang='lat' dir='ltr'>coniecit</span> 
     </span>
     <span class='ocr_line' id='line_1_15' title="bbox 116 1333 1803 1402; baseline 0.001 -16"><span class='ocrx_word' id='word_1_108' title='bbox 116 1355 296 1388; x_wconf 90' lang='lat' dir='ltr'>nomen</span> <span class='ocrx_word' id='word_1_109' title='bbox 314 1333 448 1402; x_wconf 87' lang='grc' dir='ltr'><strong><em>Ἑρμ.</em></strong></span> <span class='ocrx_word' id='word_1_110' title='bbox 471 1342 695 1400; x_wconf 79' lang='lat' dir='ltr'>spectare</span> <span class='ocrx_word' id='word_1_111' title='bbox 714 1339 775 1386; x_wconf 88' lang='lat' dir='ltr'>ad</span> <span class='ocrx_word' id='word_1_112' title='bbox 792 1338 1070 1385; x_wconf 79' lang='lat' dir='ltr'>Phocaeam</span> <span class='ocrx_word' id='word_1_113' title='bbox 1085 1337 1219 1386; x_wconf 85' lang='lat' dir='ltr'>intra</span> <span class='ocrx_word' id='word_1_114' title='bbox 1237 1337 1411 1386; x_wconf 89' lang='lat' dir='ltr'>Hermi</span> <span class='ocrx_word' id='word_1_115' title='bbox 1425 1339 1655 1401; x_wconf 86' lang='lat' dir='ltr'>Caieique</span> <span class='ocrx_word' id='word_1_116' title='bbox 1674 1340 1803 1388; x_wconf 89' lang='lat' dir='ltr'>ostia</span> 
     </span>
     <span class='ocr_line' id='line_1_16' title="bbox 119 1419 1804 1481; baseline 0 -13"><span class='ocrx_word' id='word_1_117' title='bbox 119 1420 269 1468; x_wconf 84' lang='lat' dir='ltr'>sitam</span> <span class='ocrx_word' id='word_1_118' title='bbox 308 1423 359 1468; x_wconf 86' lang='lat' dir='ltr'>et</span> <span class='ocrx_word' id='word_1_119' title='bbox 397 1422 597 1481; x_wconf 88' lang='lat' dir='ltr'>praeter</span> <span class='ocrx_word' id='word_1_120' title='bbox 635 1420 727 1467; x_wconf 88' lang='lat' dir='ltr'>hoc</span> <span class='ocrx_word' id='word_1_121' title='bbox 759 1419 858 1466; x_wconf 86' lang='lat' dir='ltr'>alia</span> <span class='ocrx_word' id='word_1_122' title='bbox 891 1433 1085 1480; x_wconf 86' lang='lat' dir='ltr'>quoque</span> <span class='ocrx_word' id='word_1_123' title='bbox 1117 1419 1372 1480; x_wconf 84' lang='lat' dir='ltr'>complura</span> <span class='ocrx_word' id='word_1_124' title='bbox 1408 1420 1638 1467; x_wconf 88' lang='lat' dir='ltr'>similiter</span> <span class='ocrx_word' id='word_1_125' title='bbox 1676 1435 1804 1468; x_wconf 86' lang='lat' dir='ltr'>eom-</span> 
     </span>
     <span class='ocr_line' id='line_1_17' title="bbox 120 1499 1804 1562; baseline -0.001 -14"><span class='ocrx_word' id='word_1_126' title='bbox 120 1500 286 1562; x_wconf 87' lang='lat' dir='ltr'>posita</span> <span class='ocrx_word' id='word_1_127' title='bbox 302 1500 709 1548; x_wconf 87' lang='lat' dir='ltr'>Massaliotarum</span> <span class='ocrx_word' id='word_1_128' title='bbox 734 1499 934 1547; x_wconf 87' lang='lat' dir='ltr'>nomina</span> <span class='ocrx_word' id='word_1_129' title='bbox 957 1499 1010 1545; x_wconf 89' lang='lat' dir='ltr'>in</span> <span class='ocrx_word' id='word_1_130' title='bbox 1032 1499 1119 1546; x_wconf 85' lang='lat' dir='ltr'>illo</span> <span class='ocrx_word' id='word_1_131' title='bbox 1146 1501 1360 1547; x_wconf 82' lang='lat' dir='ltr'>carmine</span> <span class='ocrx_word' id='word_1_132' title='bbox 1384 1501 1618 1560; x_wconf 83' lang='lat' dir='ltr'>parodieo</span> <span class='ocrx_word' id='word_1_133' title='bbox 1635 1501 1804 1550; x_wconf 83' lang='lat' dir='ltr'>fuisse.</span> 
     </span>
    </p>
   </div>
   <div class='ocr_carea' id='block_1_3' title="bbox 784 1614 926 1620">
    <p class='ocr_par' dir='ltr' id='par_1_4' title="bbox 784 1614 926 1620">
     <span class='ocr_line' id='line_1_18' title="bbox 784 1614 926 1620; baseline 0 0"><span class='ocrx_word' id='word_1_134' title='bbox 784 1614 926 1620; x_wconf 95' lang='lat' dir='ltr'> </span> 
     </span>
    </p>
   </div>
   <div class='ocr_carea' id='block_1_4' title="bbox 928 1615 1138 1620">
    <p class='ocr_par' dir='ltr' id='par_1_5' title="bbox 928 1615 1138 1620">
     <span class='ocr_line' id='line_1_19' title="bbox 928 1615 1138 1620; baseline 0 0"><span class='ocrx_word' id='word_1_135' title='bbox 928 1615 1138 1620; x_wconf 95' lang='lat' dir='ltr'> </span> 
     </span>
    </p>
   </div>
   <div class='ocr_carea' id='block_1_5' title="bbox 907 1685 1013 1739">
    <p class='ocr_par' dir='ltr' id='par_1_6' title="bbox 907 1685 1013 1739">
     <span class='ocr_line' id='line_1_20' title="bbox 907 1685 1013 1739; baseline -0.009 0"><span class='ocrx_word' id='word_1_136' title='bbox 907 1685 1013 1739; x_wconf 89' lang='lat' dir='ltr'>VII</span> 
     </span>
    </p>
   </div>
   <div class='ocr_carea' id='block_1_6' title="bbox 193 1794 1804 1933">
    <p class='ocr_par' dir='ltr' id='par_1_7' title="bbox 193 1794 1804 1933">
     <span class='ocr_line' id='line_1_21' title="bbox 783 1794 1142 1829; baseline 0.003 -3"><span class='ocrx_word' id='word_1_137' title='bbox 783 1794 1142 1829; x_wconf 76' lang='lat' dir='ltr'>FRAGMENTVM</span> 
     </span>
     <span class='ocr_line' id='line_1_22' title="bbox 193 1859 1804 1933; baseline -0.001 -17"><span class='ocrx_word' id='word_1_138' title='bbox 193 1859 235 1916; x_wconf 82' lang='grc' dir='ltr'><em>ὦ</em></span> <span class='ocrx_word' id='word_1_139' title='bbox 275 1861 613 1933; x_wconf 78' lang='grc' dir='ltr'><strong><em>βροτολοιγέ,</em></strong></span> <span class='ocrx_word' id='word_1_140' title='bbox 646 1864 854 1925; x_wconf 77' lang='grc' dir='ltr'><strong><em>πόσους</em></strong></span> <span class='ocrx_word' id='word_1_141' title='bbox 886 1865 956 1916; x_wconf 86' lang='grc' dir='ltr'>σὺ</span> <span class='ocrx_word' id='word_1_142' title='bbox 987 1862 1278 1933; x_wconf 81' lang='grc' dir='ltr'><strong><em>&lt;βρο&gt;τῶν</em></strong></span> <span class='ocrx_word' id='word_1_143' title='bbox 1309 1861 1459 1915; x_wconf 57' lang='lat' dir='ltr'>”Ausa</span> <span class='ocrx_word' id='word_1_144' title='bbox 1501 1865 1804 1932; x_wconf 78' lang='grc' dir='ltr'><strong><em>προῖαψας;</em></strong></span> 
     </span>
    </p>
   </div>
   <div class='ocr_carea' id='block_1_7' title="bbox 178 1982 361 1987">
    <p class='ocr_par' dir='ltr' id='par_1_8' title="bbox 178 1982 361 1987">
     <span class='ocr_line' id='line_1_23' title="bbox 178 1982 361 1987; baseline 0 0"><span class='ocrx_word' id='word_1_145' title='bbox 178 1982 361 1987; x_wconf 95' lang='lat' dir='ltr'> </span> 
     </span>
    </p>
   </div>
   <div class='ocr_carea' id='block_1_8' title="bbox 229 1999 1480 2190">
    <p class='ocr_par' dir='ltr' id='par_1_9' title="bbox 229 1999 1480 2190">
     <span class='ocr_line' id='line_1_24' title="bbox 582 1999 1328 2035; baseline 0.004 -3"><span class='ocrx_word' id='word_1_146' title='bbox 582 2000 783 2034; x_wconf 82' lang='lat' dir='ltr'>HOMERI</span> <span class='ocrx_word' id='word_1_147' title='bbox 820 2000 1094 2034; x_wconf 80' lang='lat' dir='ltr'>DETORTVS</span> <span class='ocrx_word' id='word_1_148' title='bbox 1134 1999 1328 2035; x_wconf 78' lang='lat' dir='ltr'>VERSVS</span> 
     </span>
     <span class='ocr_line' id='line_1_25' title="bbox 229 2060 952 2125; baseline 0.001 -15"><span class='ocrx_word' id='word_1_149' title='bbox 229 2060 353 2124; x_wconf 73' lang='grc' dir='ltr'><strong><em>Ἀρες</em></strong></span> <span class='ocrx_word' id='word_1_150' title='bbox 375 2063 499 2123; x_wconf 81' lang='grc' dir='ltr'><strong><em>’Ἆρες</em></strong></span> <span class='ocrx_word' id='word_1_151' title='bbox 529 2066 792 2125; x_wconf 75' lang='grc' dir='ltr'><strong><em>βροτολοιγέ</em></strong></span> <span class='ocrx_word' id='word_1_152' title='bbox 832 2069 874 2110; x_wconf 93' lang='grc' dir='ltr'><strong>Ε</strong></span> <span class='ocrx_word' id='word_1_153' title='bbox 899 2072 952 2111; x_wconf 88' lang='lat'>31</span> 
     </span>
     <span class='ocr_line' id='line_1_26' title="bbox 236 2127 1480 2190; baseline 0.001 -14"><span class='ocrx_word' id='word_1_154' title='bbox 236 2130 410 2183; x_wconf 78' lang='grc' dir='ltr'><strong><em>πολλὰς</em></strong></span> <span class='ocrx_word' id='word_1_155' title='bbox 440 2127 487 2175; x_wconf 80' lang='grc' dir='ltr'>δ’</span> <span class='ocrx_word' id='word_1_156' title='bbox 515 2129 744 2189; x_wconf 76' lang='grc' dir='ltr'><strong><em>ἰφθίμους</em></strong></span> <span class='ocrx_word' id='word_1_157' title='bbox 773 2131 931 2189; x_wconf 77' lang='grc' dir='ltr'><strong><em>ψυχὰς</em></strong></span> <span class='ocrx_word' id='word_1_158' title='bbox 953 2130 1067 2177; x_wconf 78' lang='grc' dir='ltr'><strong><em>’Ἄιδι</em></strong></span> <span class='ocrx_word' id='word_1_159' title='bbox 1095 2133 1368 2190; x_wconf 79' lang='grc' dir='ltr'><strong><em>προΐαψεν*</em></strong></span> <span class='ocrx_word' id='word_1_160' title='bbox 1399 2136 1436 2176; x_wconf 79' lang='lat' dir='ltr'><em>A</em></span> <span class='ocrx_word' id='word_1_161' title='bbox 1453 2139 1480 2177; x_wconf 84' lang='lat'><strong>3</strong></span> 
     </span>
    </p>
   </div>
   <div class='ocr_carea' id='block_1_9' title="bbox 118 2237 474 2245">
    <p class='ocr_par' dir='ltr' id='par_1_10' title="bbox 118 2237 474 2245">
     <span class='ocr_line' id='line_1_27' title="bbox 118 2237 474 2245; baseline 0 895"><span class='ocrx_word' id='word_1_162' title='bbox 118 2237 474 2245; x_wconf 95' lang='lat' dir='ltr'> </span> 
     </span>
    </p>
   </div>
   <div class='ocr_carea' id='block_1_10' title="bbox 120 2269 1809 2652">
    <p class='ocr_par' dir='ltr' id='par_1_11' title="bbox 120 2269 1809 2652">
     <span class='ocr_line' id='line_1_28' title="bbox 748 2269 1141 2326; baseline 0.003 -23"><span class='ocrx_word' id='word_1_163' title='bbox 748 2324 751 2326; x_wconf 5' lang='grc' dir='ltr'>μ</span> <span class='ocrx_word' id='word_1_164' title='bbox 786 2269 1141 2306; x_wconf 73' lang='grc' dir='ltr'><strong><em>ΤΕεΤιΜοΝΙνΜ</em></strong></span> 
     </span>
     <span class='ocr_line' id='line_1_29' title="bbox 226 2343 1803 2410; baseline 0 -17"><span class='ocrx_word' id='word_1_165' title='bbox 226 2343 343 2393; x_wconf 82' lang='lat' dir='ltr'>Cod.</span> <span class='ocrx_word' id='word_1_166' title='bbox 382 2343 656 2392; x_wconf 87' lang='lat' dir='ltr'>Vossianus</span> <span class='ocrx_word' id='word_1_167' title='bbox 695 2343 863 2408; x_wconf 73' lang='lat' dir='ltr'>Etym.</span> <span class='ocrx_word' id='word_1_168' title='bbox 905 2345 1070 2407; x_wconf 83' lang='lat' dir='ltr'>Magn.</span> <span class='ocrx_word' id='word_1_169' title='bbox 1110 2361 1154 2393; x_wconf 86' lang='lat' dir='ltr'>v.</span> <span class='ocrx_word' id='word_1_170' title='bbox 1187 2343 1499 2410; x_wconf 80' lang='grc' dir='ltr'><strong><em>βροτολοιγός</em></strong></span> <span class='ocrx_word' id='word_1_171' title='bbox 1535 2362 1582 2408; x_wconf 86' lang='lat' dir='ltr'>p.</span> <span class='ocrx_word' id='word_1_172' title='bbox 1617 2346 1739 2408; x_wconf 85' lang='lat'>215,</span> <span class='ocrx_word' id='word_1_173' title='bbox 1774 2347 1803 2393; x_wconf 88' lang='grc'>7</span> 
     </span>
     <span class='ocr_line' id='line_1_30' title="bbox 120 2421 1808 2493; baseline 0.001 -19"><span class='ocrx_word' id='word_1_174' title='bbox 120 2424 302 2491; x_wconf 81' lang='grc' dir='ltr'><strong><em>κυρίως</em></strong></span> <span class='ocrx_word' id='word_1_175' title='bbox 359 2421 411 2473; x_wconf 82' lang='grc' dir='ltr'>δὲ</span> <span class='ocrx_word' id='word_1_176' title='bbox 467 2421 545 2474; x_wconf 82' lang='grc' dir='ltr'>ἐπὶ</span> <span class='ocrx_word' id='word_1_177' title='bbox 599 2423 777 2489; x_wconf 84' lang='grc' dir='ltr'><strong><em>ἰατρῶν</em></strong></span> <span class='ocrx_word' id='word_1_178' title='bbox 829 2421 862 2489; x_wconf 84' lang='grc' dir='ltr'><em>ἡ</em></span> <span class='ocrx_word' id='word_1_179' title='bbox 912 2423 1036 2485; x_wconf 81' lang='grc' dir='ltr'><strong><em>λέξις</em></strong></span> <span class='ocrx_word' id='word_1_180' title='bbox 1079 2425 1533 2491; x_wconf 79' lang='grc' dir='ltr'><strong><em>παραλαμβάνεται·</em></strong></span> <span class='ocrx_word' id='word_1_181' title='bbox 1586 2422 1808 2493; x_wconf 77' lang='grc' dir='ltr'><strong><em>’Ὄμηρος</em></strong></span> 
     </span>
     <span class='ocr_line' id='line_1_31' title="bbox 122 2498 1803 2571; baseline 0.002 -20"><span class='ocrx_word' id='word_1_182' title='bbox 122 2498 199 2554; x_wconf 78' lang='grc' dir='ltr'>«ὦ</span> <span class='ocrx_word' id='word_1_183' title='bbox 239 2532 301 2540; x_wconf 85' lang='grc'>-</span> <span class='ocrx_word' id='word_1_184' title='bbox 337 2506 674 2571; x_wconf 76' lang='grc' dir='ltr'><strong><em>προΐαψας»</em></strong></span> <span class='ocrx_word' id='word_1_185' title='bbox 719 2506 778 2554; x_wconf 87' lang='lat' dir='ltr'>cf.</span> <span class='ocrx_word' id='word_1_186' title='bbox 819 2507 1050 2556; x_wconf 83' lang='lat' dir='ltr'>Eustath.</span> <span class='ocrx_word' id='word_1_187' title='bbox 1091 2507 1155 2555; x_wconf 86' lang='lat' dir='ltr'>ad</span> <span class='ocrx_word' id='word_1_188' title='bbox 1201 2507 1258 2556; x_wconf 92' lang='grc' dir='ltr'>ΙΙ.</span> <span class='ocrx_word' id='word_1_189' title='bbox 1299 2509 1438 2556; x_wconf 88' lang='grc' dir='ltr'>Ε31</span> <span class='ocrx_word' id='word_1_190' title='bbox 1480 2525 1530 2570; x_wconf 89' lang='lat' dir='ltr'>p.</span> <span class='ocrx_word' id='word_1_191' title='bbox 1562 2509 1693 2571; x_wconf 86' lang='lat'>518,</span> <span class='ocrx_word' id='word_1_192' title='bbox 1732 2509 1803 2556; x_wconf 85' lang='lat'>41</span> 
     </span>
     <span class='ocr_line' id='line_1_32' title="bbox 122 2583 1809 2652; baseline 0 -16"><span class='ocrx_word' id='word_1_193' title='bbox 122 2584 194 2636; x_wconf 79' lang='grc' dir='ltr'>ὅτι</span> <span class='ocrx_word' id='word_1_194' title='bbox 233 2585 545 2652; x_wconf 77' lang='grc' dir='ltr'><strong><em>βροτολοιγὸς</em></strong></span> <span class='ocrx_word' id='word_1_195' title='bbox 583 2585 863 2652; x_wconf 85' lang='grc' dir='ltr'><strong><em>κοινότερον</em></strong></span> <span class='ocrx_word' id='word_1_196' title='bbox 902 2584 991 2651; x_wconf 81' lang='grc' dir='ltr'><strong><em>μὲν</em></strong></span> <span class='ocrx_word' id='word_1_197' title='bbox 1035 2584 1060 2637; x_wconf 87' lang='grc' dir='ltr'>ὁ</span> <span class='ocrx_word' id='word_1_198' title='bbox 1107 2586 1441 2652; x_wconf 80' lang='grc' dir='ltr'><strong><em>ἀνδροφόνος·</em></strong></span> <span class='ocrx_word' id='word_1_199' title='bbox 1497 2586 1704 2637; x_wconf 79' lang='grc' dir='ltr'><strong><em>δύναται</em></strong></span> <span class='ocrx_word' id='word_1_200' title='bbox 1753 2583 1809 2636; x_wconf 75' lang='grc' dir='ltr'>δέ</span> 
     </span>
    </p>
   </div>
   <div class='ocr_carea' id='block_1_11' title="bbox 35 2665 1476 2734">
    <p class='ocr_par' dir='ltr' id='par_1_12' title="bbox 35 2665 1476 2734">
     <span class='ocr_line' id='line_1_33' title="bbox 35 2665 1476 2734; baseline 0.001 -18"><span class='ocrx_word' id='word_1_201' title='bbox 35 2673 54 2684; x_wconf 82' lang='grc'><em>”</em></span> <span class='ocrx_word' id='word_1_202' title='bbox 122 2683 240 2716; x_wconf 87' lang='grc' dir='ltr'><strong><em>ποτε</em></strong></span> <span class='ocrx_word' id='word_1_203' title='bbox 280 2671 583 2731; x_wconf 80' lang='grc' dir='ltr'><strong><em>σκωφθῆναι</em></strong></span> <span class='ocrx_word' id='word_1_204' title='bbox 621 2674 840 2727; x_wconf 80' lang='grc' dir='ltr'><strong><em>τοιοῦτος</em></strong></span> <span class='ocrx_word' id='word_1_205' title='bbox 878 2666 960 2717; x_wconf 81' lang='grc' dir='ltr'><strong><em>καὶ</em></strong></span> <span class='ocrx_word' id='word_1_206' title='bbox 999 2665 1025 2719; x_wconf 84' lang='grc' dir='ltr'><em>ὅ</em></span> <span class='ocrx_word' id='word_1_207' title='bbox 1065 2666 1262 2734; x_wconf 70' lang='grc' dir='ltr'><strong><em>ἄτεχνος</em></strong></span> <span class='ocrx_word' id='word_1_208' title='bbox 1301 2667 1476 2734; x_wconf 83' lang='grc' dir='ltr'><strong><em>ἰατρός.</em></strong></span> 
     </span>
    </p>
   </div>
   <div class='ocr_carea' id='block_1_12' title="bbox 0 2041 91 3140">
    <p class='ocr_par' dir='ltr' id='par_1_13' title="bbox 0 2041 91 3140">
     <span class='ocr_line' id='line_1_34' title="bbox 0 2041 91 3140; baseline 0 0"><span class='ocrx_word' id='word_1_209' title='bbox 0 2041 91 3140; x_wconf 95' lang='lat' dir='ltr'> </span> 
     </span>
    </p>
   </div>
   <div class='ocr_carea' id='block_1_13' title="bbox 123 2782 350 2789">
    <p class='ocr_par' dir='ltr' id='par_1_14' title="bbox 123 2782 350 2789">
     <span class='ocr_line' id='line_1_35' title="bbox 123 2782 350 2789; baseline 0 0"><span class='ocrx_word' id='word_1_210' title='bbox 123 2782 350 2789; x_wconf 95' lang='lat' dir='ltr'> </span> 
     </span>
    </p>
   </div>
   <div class='ocr_carea' id='block_1_14' title="bbox 685 2815 1250 2851">
    <p class='ocr_par' dir='ltr' id='par_1_15' title="bbox 685 2815 1250 2851">
     <span class='ocr_line' id='line_1_36' title="bbox 685 2815 1250 2851; baseline -0.002 0"><span class='ocrx_word' id='word_1_211' title='bbox 685 2815 940 2851; x_wconf 76' lang='lat' dir='ltr'>VARIETAS</span> <span class='ocrx_word' id='word_1_212' title='bbox 978 2815 1250 2850; x_wconf 77' lang='lat' dir='ltr'>LECTIONIS</span> 
     </span>
    </p>
   </div>
   <div class='ocr_carea' id='block_1_15' title="bbox 241 2877 1809 2943">
    <p class='ocr_par' dir='ltr' id='par_1_16' title="bbox 241 2877 1809 2943">
     <span class='ocr_line' id='line_1_37' title="bbox 241 2877 1809 2943; baseline 0.001 -18"><span class='ocrx_word' id='word_1_213' title='bbox 241 2881 298 2926; x_wconf 73' lang='grc' dir='ltr'>σὺ</span> <span class='ocrx_word' id='word_1_214' title='bbox 329 2884 392 2942; x_wconf 79' lang='grc' dir='ltr'>τῷ</span> <span class='ocrx_word' id='word_1_215' title='bbox 425 2877 518 2943; x_wconf 76' lang='grc' dir='ltr'>ᾅδῃ</span> <span class='ocrx_word' id='word_1_216' title='bbox 556 2881 712 2928; x_wconf 62' lang='lat' dir='ltr'>Voss:</span> <span class='ocrx_word' id='word_1_217' title='bbox 762 2895 876 2927; x_wconf 77' lang='lat' dir='ltr'>corr.</span> <span class='ocrx_word' id='word_1_218' title='bbox 909 2881 1170 2927; x_wconf 83' lang='lat' dir='ltr'>Meinekius</span> <span class='ocrx_word' id='word_1_219' title='bbox 1212 2881 1263 2926; x_wconf 89' lang='lat' dir='ltr'>in</span> <span class='ocrx_word' id='word_1_220' title='bbox 1303 2879 1475 2927; x_wconf 81' lang='lat' dir='ltr'>litteris</span> <span class='ocrx_word' id='word_1_221' title='bbox 1515 2881 1577 2926; x_wconf 81' lang='lat' dir='ltr'>ad</span> <span class='ocrx_word' id='word_1_222' title='bbox 1614 2880 1809 2928; x_wconf 77' lang='lat' dir='ltr'>Waehs·</span> 
     </span>
    </p>
   </div>
   <div class='ocr_carea' id='block_1_16' title="bbox 60 2945 1543 3066">
    <p class='ocr_par' dir='ltr' id='par_1_17' title="bbox 60 2945 1543 3066">
     <span class='ocr_line' id='line_1_38' title="bbox 60 2945 517 3006; baseline 0.002 -16"><span class='ocrx_word' id='word_1_223' title='bbox 60 3002 62 3006; x_wconf 91' lang='lat'>.</span> <span class='ocrx_word' id='word_1_224' title='bbox 121 2945 358 2992; x_wconf 75' lang='lat' dir='ltr'>muthium</span> <span class='ocrx_word' id='word_1_225' title='bbox 391 2946 517 2992; x_wconf 77' lang='lat' dir='ltr'>datis</span> 
     </span>
     <span class='ocr_line' id='line_1_39' title="bbox 1484 3020 1543 3066; baseline 0 -19"><span class='ocrx_word' id='word_1_226' title='bbox 1484 3027 1505 3066; x_wconf 71' lang='lat' dir='ltr'>&#39;a&#39;</span> <span class='ocrx_word' id='word_1_227' title='bbox 1518 3020 1543 3047; x_wconf 83' lang='lat'><em>*</em></span> 
     </span>
    </p>
   </div>
  </div>
 </body>
</html>
