2038 3140
171 134 565 181 FR.XX11‚XX111
813 144 874 150 —
960 112 1059 165 151
1144 141 1203 149 —

175 247 306 298 ἄλλο
348 244 397 298 δ’
438 245 635 312 ἐκεῖσε,
677 246 812 314 φίλη
853 246 1090 312 κεφαλή,
1131 241 1304 312 μηδὲν
1343 242 1738 314 προσενέγκῃς,

118 349 143 387 5
177 335 226 386 εἰ
259 335 331 403 μὴ
371 335 614 401 γλαυκὸν
654 335 853 386 ἔλαιον.
933 332 1156 385 ἐπειδὰν
1198 328 1248 384 δ’
1288 332 1426 385 ὀπτὰ
1464 332 1712 400 γένηται,

85 788 138 827 10

82 1229 134 1268 15

75 1669 132 1708 20

173 422 276 490 ἤδη
316 423 642 491 τριμμάτιόν
680 442 737 474 τε
777 422 969 491 φέρειν
1007 418 1098 473 καὶ
1139 420 1315 473 ἐκεῖνο
1357 419 1470 488 μετ’
1509 421 1696 474 αὐτοῦ.

174 510 309 563 ὅσσα
350 509 399 563 δ’
440 509 509 562 ἂν
549 510 608 563 ἐν
648 510 889 571 λοπάδος
927 511 1135 571 κοίλοις
1173 509 1562 577 πλευρώμασιν
1602 508 1762 579 ἕψῃς,

172 593 304 665 μήθ’
340 599 542 660 ὕδατος
581 599 763 666 πηγὴν
805 598 1031 666 <ίερὴν>
1073 595 1193 665 μήτ’
1233 602 1447 650 οἴνινον
1487 598 1610 662 ὄξος

171 687 460 756 συμμίξῃς,
502 685 619 738 ἀλλ’
659 686 791 738 αὐτὸ
833 687 1007 754 μόνον
1046 686 1350 754 κατάχευον
1391 687 1577 738 ἔλαιον

171 772 453 842 αὐχμηρόν
492 795 549 827 τε
588 774 848 840 κύμινον,
889 773 1030 840 ὁμοῦ
1071 769 1121 825 δ’
1158 774 1366 826 εὐώδεα
1406 775 1604 842 φύλλα.

169 860 264 924 ἕψε
305 860 352 914 δ’
401 859 481 915 ἐπ’
529 862 833 931 ἀνθρακιῆς
873 862 1053 928 φλόγα
1091 861 1308 922 τούτοις
1357 862 1428 929 μὴ
1468 863 1852 930 προσενεγκὼν

167 949 258 1002 καὶ
296 953 435 1004 κίνει
474 960 740 1015 πυκινῶς,
781 950 852 1018 μὴ
893 947 1317 1018 προσκαυθέντα
1358 950 1505 1018 λάθῃ
1546 963 1620 1002 σε.

168 1036 285 1091 ἀλλ’
326 1039 392 1091 οὐ
430 1037 627 1091 πολλοὶ
669 1043 818 1090 ἴσασι
858 1040 1074 1106 βροτῶν
1112 1039 1239 1090 τόδε
1278 1043 1441 1090 θεῖον
1481 1038 1682 1106 ἔδεσμα

168 1124 289 1178 οὐδ’
329 1129 518 1180 ἔσθειν
558 1125 871 1193 ἐθέλουσιν,
913 1126 1035 1178 ὅσοι
1073 1128 1562 1195 κεπφαττελεβώδη

167 1216 350 1283 ψυχὴν
389 1214 676 1283 κέκτηνται
714 1220 941 1282 θνητῶν
981 1216 1122 1267 εἰσίν
1161 1210 1208 1266 τ’
1247 1214 1586 1283 ἀπόπληκτοι

166 1302 239 1363 ὡς
278 1302 733 1371 ἀνθρωποφάγου
772 1310 871 1355 τοῦ
911 1304 1118 1371 θηρίου
1159 1303 1331 1364 ὄντος.
1409 1302 1549 1365 ἅπας
1589 1300 1649 1355 δὲ

166 1392 330 1457 ἰχθὺς
370 1392 545 1457 σάρκα
585 1395 739 1459 φιλεῖ
774 1389 1034 1459 βροτέην,
1074 1391 1143 1442 ἄν
1182 1410 1291 1442 που
1331 1391 1657 1459 περικύρσῃ·

165 1478 301 1530 ὥστε
340 1477 534 1548 πρέπει
573 1484 833 1546 καθαρῶς
872 1477 1068 1530 ὁπόσοι
1106 1479 1235 1530 τάδε
1274 1482 1658 1547 μωρολογοῦσι

162 1575 277 1629 τοῖς
316 1567 574 1636 λαχάνοις
612 1567 913 1636 προσάγειν
951 1564 1042 1618 καὶ
1081 1567 1218 1635 πρὸς
1256 1567 1552 1636 Διόδωρον
1593 1569 1776 1630 ἰόντας

163 1656 262 1707 τὸν
302 1657 482 1723 σοφὸν
521 1654 822 1724 ἐγκρατέως
861 1651 976 1723 μετ’
1015 1654 1230 1708 ἐκείνου
1269 1657 1682 1724 πυθαγορίζειν.

662 1881 862 1914 HOMERI
900 1879 1095 1915 VERSVS
1135 1879 1337 1913 SIMILES

162 1961 314 2004 XXIII
345 1966 373 2005 4
409 1964 606 2018 Τεῦκρε,
639 1963 750 2018 φίλη
783 1961 988 2019 κεφαλή,
1025 1962 1290 2018 Τελαμώνιε
1334 1962 1374 2006 Θ
1396 1966 1482 2006 281

340 2032 366 2072 8
401 2023 522 2084 ἐμῶν
549 2025 686 2085 ἴερῶν
711 2028 804 2072 ἀπὸ
829 2025 1017 2084 πηγέων
1042 2028 1198 2083 hymn.
1225 2029 1273 2072 in
1297 2027 1382 2084 Ap.
1408 2027 1544 2084 Pyth.
1564 2032 1619 2073 85
1645 2028 1724 2086 [-·--
1740 2027 1848 2086 263]

314 2097 368 2137 17
402 2091 515 2137 ὥστε
549 2092 665 2138 λέων
699 2090 841 2151 ἐχάρη
874 2092 1055 2154 μεγάλῳ
1089 2089 1166 2138 ἐπὶ
1198 2093 1374 2150 σώματι
1405 2093 1580 2150 κύρσας
1611 2095 1730 2137 Γ23

724 2312 980 2347 VARIETAS
1018 2311 1288 2346 LECTIONIS

284 2400 310 2439 6
343 2390 501 2439 ἐκεῖνα
533 2395 591 2450 A,
625 2407 739 2440 corr.
770 2392 943 2438 Kaibel
1055 2391 1107 2438 δὲ
1141 2390 1305 2450 φέρειν
1337 2393 1404 2447 A,
1444 2406 1560 2438 corr.
1593 2393 1849 2439 Schneider

164 2467 189 2506 7
221 2462 394 2512 κοίλοις
418 2460 604 2516 scripsi:
629 2461 787 2517 κοίλης
810 2460 954 2516 vulgo
1043 2459 1344 2518 πληρώμασιν
1369 2459 1428 2514 A,
1460 2459 1660 2504 correxit
1683 2461 1847 2505 Iacobs

161 2521 302 2583 ἕψῆις
317 2528 376 2582 A,
410 2540 525 2571 corr.
542 2525 747 2570 Dindorf
832 2531 859 2571 8
889 2525 1071 2583 πληγὴν
1087 2526 1146 2581 A,
1171 2539 1286 2570 corr.
1307 2525 1347 2570 Ο
1408 2525 1543 2570 sedes
1559 2525 1758 2571 lacunae
1774 2526 1849 2571 in-

162 2595 310 2638 certa:
341 2592 497 2650 πηγὴν
521 2594 680 2644 αὐτοῖς
703 2590 1020 2647 Casaubonus,
1052 2590 1208 2650 πηγὴν
1225 2592 1399 2642 κείνοις
1427 2590 1506 2636 vel
1529 2590 1634 2646 ὅξος
1650 2587 1848 2644 ἐκείνοις

117 2655 126 2664 ”
159 2659 374 2703 Ribbeck
496 2665 550 2704 12
581 2666 767 2711 πυκνῶς
797 2659 858 2715 A,
889 2657 1092 2703 correxit
1123 2656 1378 2702 Schneider
1501 2661 1556 2701 14
1587 2658 1774 2715 κούφην
1796 2674 1846 2704 τε

161 2725 339 2784 λεβώὸη
364 2726 412 2772 A
441 2741 487 2784 p.
516 2732 614 2781 163,
646 2726 834 2783 κούφαν
866 2741 918 2782 γε
952 2723 1054 2781 (καὶ
1080 2723 1138 2781 0)
1170 2723 1348 2782 λεβώδη
1372 2722 1472 2768 AO
1495 2738 1541 2780 p.
1568 2722 1696 2779 3101]
1729 2737 1846 2770 corr.

161 2791 381 2848 Bentle53
413 2792 539 2838 idem
570 2791 984 2850 κουφαττελεβώδη
1094 2794 1147 2834 15
1172 2791 1309 2846 νωθῆ
1333 2784 1377 2832 τ’
1397 2787 1736 2834 Stadtmueller
1761 2804 1846 2847 pro

161 2863 354 2916 θνητῶν
416 2857 533 2904 εἰσιν
565 2857 611 2904 δ’
632 2860 678 2903 A
707 2874 753 2915 p.
782 2862 865 2903 163
970 2861 1023 2901 17
1055 2853 1231 2911 σάρκας
1261 2855 1412 2911 φίλεει
1443 2855 1490 2899 A
1519 2870 1566 2912 p.
1593 2859 1676 2900 163
1739 2857 1848 2916 βρο-

158 2922 270 2982 τέην
300 2925 347 2970 A
375 2940 421 2982 p.
451 2931 550 2982 163,
582 2922 780 2984 βροτέαν
811 2923 857 2968 A
887 2937 932 2980 p.
957 2927 1045 2968 310
1128 2921 1189 2966 ἄν
1219 2936 1307 2978 περ
1339 2921 1386 2965 A
1414 2935 1460 2978 p.
1487 2925 1570 2966 163
