2038 3140
108 137 467 172 FRAGMENTVM
776 148 839 155 —
917 119 988 169 47
1072 147 1134 155 —

109 258 320 313 λοντας
348 248 430 320 (cf.
457 253 605 302 Mein.
633 254 698 302 ad
722 253 840 303 Ath.
856 252 929 301 IV
959 254 1121 316 13403
1145 253 1364 303 Kockius
1390 253 1442 303 O.
1459 254 1520 303 A.
1537 254 1590 304 F.
1616 254 1668 302 II
1692 257 1798 303 428

108 337 264 384 habet
303 332 364 383 οὐ
403 328 682 401 θέλοντας).
757 328 827 383 V.
862 328 917 383 8.
979 331 1210 399 εὔκουροι
1247 351 1359 384 cum
1390 336 1613 385 Prellero
1651 337 1803 385 inter-

114 418 287 479 pretor
334 415 558 464 homines
605 415 939 476 delicatiores,
988 416 1247 478 eleganter
1291 418 1484 480 tonso8,
1524 417 1611 479 qui
1650 433 1799 479 oppo-

110 498 300 544 nuntur
348 495 631 561 βδελυροῖς,
680 497 829 545 sicuti
875 492 1100 555 ὀλλύντες
1147 499 1464 559 opponuntur
1504 493 1800 560 ὀλλυμένοις.

118 577 224 626 Nec
264 577 432 625 obstat
469 593 566 626 vox
604 577 781 636 σπάνις
817 594 863 627 v.
892 580 938 642 7,
976 580 1034 626 ut
1072 581 1241 626 monet
1279 578 1549 641 Peltzerus,
1588 594 1699 627 cum
1731 579 1803 626 ni-

110 660 296 708 mirum
344 659 496 708 etiam
542 659 765 707 homines
813 658 1125 708 delicatiores
1172 659 1368 721 possint
1412 660 1581 722 inopia
1629 659 1801 722 premi.

110 739 282 788 Verba
330 735 577 787 ὀλλύντων
617 735 897 803 ὀλλυμένων
935 756 1001 802 τε,
1051 735 1162 801 ‘qui
1203 756 1256 788 se
1294 741 1507 789 invicem
1544 735 1802 802 perdunt',

111 820 366 870 miseriam
419 822 570 869 istam
620 821 868 870 homerice
923 821 1231 883 describunt3
1289 822 1479 870 confert
1524 821 1801 870 Meinekius

115 902 371 950 Plutarch.
413 901 473 949 de
521 917 596 949 an.
639 904 690 949 et
734 916 865 963 corp.
914 901 991 949 aff.
1029 918 1076 963 p.
1114 903 1217 950 502
1262 917 1311 950 a:
1370 899 1676 966 συνέρρωγεν
1723 897 1802 949 ὀλ-

119 981 310 1031 λύντων
349 979 433 1030 καὶ
474 977 770 1045 ὀλλυμένων.
846 981 987 1030 Idem
1026 982 1236 1030 coniecit
1274 981 1543 1047 οἰκουρῶν,
1588 985 1646 1030 ut
1683 998 1802 1044 pau-

116 1065 286 1125 pertas
327 1062 537 1111 Thasios
585 1062 676 1111 otii
722 1065 774 1110 et
818 1062 1038 1111 desidiae
1084 1065 1309 1112 amantes
1359 1065 1422 1112 ad
1459 1063 1804 1126 remigationis

116 1143 466 1193 necessitatem
506 1143 800 1205 compellere
839 1144 1045 1193 dicatur.
1113 1143 1452 1193 Acerbissimo
1491 1147 1661 1193 autem
1692 1160 1805 1192 cum

118 1225 222 1273 sale
275 1223 396 1272 dicit
453 1223 502 1271 οἳ
538 1229 633 1271 νῦν
686 1226 844 1272 κεῖθι
896 1230 1073 1282 κακῶς
1125 1221 1267 1272 κακὰ
1314 1222 1663 1294 ῥαψῳδοῦσιν,
1724 1240 1805 1272 re-

119 1320 315 1352 morum
360 1304 562 1365 pulsum
608 1320 664 1353 ac
711 1304 977 1366 strepitum
1023 1320 1314 1366 comparans
1359 1321 1470 1354 cum
1509 1321 1628 1355 suae
1667 1305 1806 1366 artiS‚

120 1384 443 1447 rhapsodiae‚
488 1386 710 1434 numeris
750 1400 806 1432 ac
846 1385 1002 1447 sonis3
1054 1386 1196 1433 illam
1231 1387 1551 1448 rhapsodiam
1590 1389 1641 1435 et
1680 1386 1804 1434 diffi-

117 1466 354 1514 cillimam
393 1465 594 1527 quidem
632 1467 806 1527 utpote
836 1466 890 1513 in
918 1466 1130 1515 navibus
1163 1467 1403 1515 onerariis
1435 1470 1640 1528 ceterOS‚
1679 1468 1806 1516 hanc

119 1546 416 1596 nobiliorem
462 1561 515 1595 se
564 1545 661 1594 sibi
708 1545 967 1608 delegisse.
1058 1545 1164 1603 Quo
1213 1563 1272 1595 ex
1317 1547 1424 1596 ioco
1470 1549 1563 1596 hoc
1610 1564 1806 1610 quoque

121 1627 394 1675 certissime
419 1626 595 1675 deduci
617 1626 740 1674 mihi
762 1626 976 1688 videtur,
1001 1626 1342 1690 Hegemonem
1365 1644 1546 1677 munus
1570 1629 1808 1691 rhapsodi

122 1707 477 1769 suscipientem
517 1707 661 1755 domo
701 1722 809 1756 esse
838 1707 1136 1770 profectum3
1177 1724 1208 1758 a
1236 1709 1506 1772 rhapsodia
1537 1709 1713 1759 deinde
1744 1709 1808 1758 ad

118 1788 378 1850 parodiam
416 1788 613 1836 delatus
652 1787 865 1840 videtur.
952 1782 1021 1838 V.
1066 1783 1160 1839 10.
1222 1790 1437 1840 Iacobsii
1475 1791 1808 1839 coniecturam

122 1865 262 1918 σίτου
302 1863 493 1937 χρῄζων
539 1868 799 1917 confirmat
843 1870 980 1918 locus
1026 1870 1306 1920 homericus
1346 1887 1495 1934 quem
1534 1873 1808 1934 subscripsi

123 1950 383 2013 neglectus
423 1965 454 1997 a
491 1950 612 2000 viris
652 1951 833 2012 doctis,
887 1968 915 2015 ρ
958 1951 1061 2000 557
1096 1967 1194 2015 sq.;
1249 1953 1309 2001 de
1348 1949 1567 2016 ἐπίθησα
1612 1969 1809 2016 quoque

122 2029 257 2093 quod
294 2030 541 2079 Meinekio
578 2032 768 2093 placuit
805 2031 1040 2094 sponderi
1075 2034 1282 2094 poterit,
1335 2049 1448 2082 cum
1493 2026 1715 2096 πνθήσας
1757 2035 1806 2083 in

123 2112 298 2162 eadem
329 2113 447 2162 sede
476 2129 653 2162 versus
686 2113 884 2175 saepius
907 2113 1121 2174 legatur.
1173 2113 1318 2171 Quod
1338 2116 1509 2162 autem
1530 2114 1810 2162 Meinekius

123 2193 387 2255 proposuit
409 2189 532 2258 μέγα
555 2208 647 2255 τοι,
683 2192 890 2242 reicitur
927 2186 1004 2258 (id
1033 2193 1167 2255 quod
1195 2194 1305 2256 ipse
1333 2189 1520 2260 innuit)
1561 2195 1812 2243 constanti

123 2289 219 2321 usu
257 2273 507 2322 homerico
546 2274 631 2336 qui
668 2273 894 2335 postulat
932 2271 1062 2336 μάλα
1098 2291 1186 2323 τοι,
1247 2274 1426 2338 Itaque
1466 2291 1578 2323 cum
1614 2275 1698 2324 vix
1730 2291 1808 2324 ac·

124 2349 310 2417 quiesci
347 2355 508 2417 possit
544 2355 598 2403 in
633 2355 726 2403 hac
762 2355 997 2403 lectione:
1036 2348 1111 2413 οἷς
1143 2349 1270 2422 (scil.
1301 2358 1367 2425 τῷ
1398 2355 1610 2420 λήμματι
1638 2354 1722 2405 καὶ
1752 2363 1809 2424 τῇ

123 2429 300 2504 πενίᾳ)
339 2433 424 2484 καὶ
461 2433 555 2502 ἐγὼ
594 2433 712 2499 μετὰ
747 2439 850 2495 τοῖς
889 2429 1014 2502 (una
1050 2452 1163 2485 cum
1201 2430 1403 2503 ceteris)
1444 2437 1580 2486 σίτου
1619 2433 1809 2506 χρῄζων

124 2513 359 2580 ἐπίθησα,
397 2532 490 2580 ego
530 2515 704 2578 scripsi
743 2509 817 2575 οἷς
854 2510 984 2583 (scil.
1022 2518 1195 2567 multis
1235 2512 1556 2585 Thasiorum)
1593 2515 1677 2567 καὶ
1715 2515 1809 2584 ἐγὼ

127 2596 278 2646 σίτοιο
318 2593 440 2662 μέγα
478 2589 670 2667 χρῄζων
708 2594 925 2662 ἐπίθησα
963 2593 1047 2666 (cf.
1087 2595 1211 2664 μέγα
1249 2634 1262 2648 .
1287 2634 1300 2647 .
1339 2595 1596 2663 χατέουσιν
1635 2616 1662 2648 ο
1688 2599 1811 2660 376,

126 2672 229 2743 μέγ’
259 2675 391 2741 ἐμεῖο
421 2675 595 2742 ποθὴν
619 2718 654 2729 .,
687 2675 883 2743 ἔχουσιν
907 2682 950 2728 Ζ
967 2674 1116 2747 362).
1178 2674 1250 2730 V.
1278 2673 1349 2728 11
1370 2690 1460 2743 sq.
1500 2680 1569 2740 εἷς
1596 2679 1812 2739 Θασίους

128 2754 183 2807 δὲ
216 2751 224 2825 Ι
258 2755 414 2822 μηδὲν
449 2759 713 2823 πημαίνων
750 2757 928 2809 κλυτὸν
965 2756 1184 2826 ἄργυρον
1215 2757 1501 2826 ἐγγυαλίξω,
1539 2761 1599 2810 de
1631 2761 1811 2824 quibus

126 2839 296 2889 verbis
335 2838 680 2890 Casaubonus:
735 2835 996 2890 ‘tenebrae
1041 2856 1255 2904 magnae
1300 2842 1399 2891 isto
1445 2835 1597 2890 loco'.
1673 2840 1813 2898 Quae

130 2933 251 2970 sane
287 2925 675 2983 removerentur,
713 2922 757 2971 si
795 2923 928 2985 quod
966 2923 1208 2987 scriptum
1245 2924 1324 2973 est
1361 2919 1517 2987 μηδὲν
1546 2920 1813 2987 πημαίνων
