2038 3140
871 144 939 151 -—
1022 115 1124 168 188
1208 146 1269 152 —-
1401 134 1685 168 ARCHESTR.
1717 137 1906 169 HEDYP.

236 250 462 298 imitetur
509 243 581 314 (K
616 245 748 317 428)
797 251 1151 300 animadvertit
1196 251 1238 298 is
1286 251 1370 312 qui
1415 251 1466 298 in
1510 252 1638 301 libro
1679 251 1714 301 C
1754 254 1907 302 verbo

231 327 589 395 ἀγκυλοκώλων
630 333 983 394 superscripsit
1021 330 1188 390 τόξων.

341 413 574 460 ΧΧΧΧΠ
626 413 751 461 Vide
793 430 942 476 supra
980 432 1027 477 p.
1064 415 1183 462 130.

340 491 602 540 XXXXIII
628 509 740 542 cum
764 495 823 542 fr.
846 495 1102 542 XXXXIV
1130 495 1261 556 quod
1285 497 1362 543 est
1385 495 1445 544 de
1468 495 1654 558 mugile
1680 495 1908 543 Abderae

231 575 483 637 capiendo,
525 578 633 623 arte
674 576 1072 638 coniungendum
1110 576 1308 624 videtur
1339 577 1411 624 ita
1441 579 1498 624 ut
1528 577 1681 624 verba
1712 572 1909 638 κεστρέα

230 653 313 703 τὸν
352 654 644 719 θαυμαστὸν
683 672 743 704 ex
781 657 934 705 verbo
974 654 1177 722 ἀγόραζε
1213 657 1474 718 pendeant.
1550 657 1910 719 Aeginetarum

230 738 361 785 enim
406 738 683 786 urbanitati
729 740 880 799 poeta
925 737 1280 786 Abderitarum
1336 739 1648 785 decantatam
1703 736 1911 798 opponit

231 819 597 880 stupiditatem:
638 813 896 880 ‘mugilem
935 819 1012 866 fao
1052 833 1186 867 emas
1226 835 1286 867 ex
1317 819 1510 882 Aegina
1548 818 1636 865 ubi
1672 818 1794 866 viris
1826 833 1906 864 ur-

229 901 371 949 banis
412 914 652 958 oeeurres,
695 898 756 946 ad
796 899 1109 961 stupidorum
1146 915 1264 948 vero
1303 901 1479 947 urbem
1510 898 1763 947 Abderam
1793 913 1907 960 pro-

230 982 388 1030 fectus
428 980 668 1041 mugilem
709 978 1053 1028 admirabilem
1093 988 1206 1028 eum
1245 980 1402 1029 hiems
1443 975 1668 1028 venerit'.
1733 976 1910 1041 [Cuius

232 1061 506 1111 sententiae
544 1062 672 1107 hanc
712 1060 815 1108 fere
853 1061 1060 1109 formam
1103 1063 1338 1124 proponit
1377 1061 1814 1109 Stadtmuellerus:

450 1137 646 1203 κεστρέα
686 1136 729 1187 δ’
766 1139 976 1205 Αἰγίνης
1015 1139 1062 1200 ἐξ
1103 1140 1380 1207 ἀμφιρύτης
1419 1140 1646 1207 ἀγόραζε,

452 1219 662 1286 ἀνδράσι
699 1216 739 1268 τ’
776 1219 1036 1270 ἀστείοισιν
1076 1219 1339 1286 ὁμιλήσεις·
1379 1220 1530 1271 ἐπιὼν
1571 1219 1623 1270 δὲ

437 1297 645 1366 ’Ἄβδηρ’
681 1298 911 1365 ἠλιθίους
950 1298 1038 1365 μὲν
1078 1302 1210 1366 δήεις
1240 1300 1442 1368 ἀνέρας,
1481 1301 1602 1352 ἀλλὰ

453 1380 649 1446 κεστρέα
687 1380 772 1431 τὸν
809 1382 1126 1447 θαυμαστόν,
1166 1383 1281 1432 ὅταν
1313 1382 1491 1449 χειμὼν
1529 1381 1800 1447 ἀφίκηται.]

231 1463 464 1513 Ceterum
503 1463 562 1512 cf.
603 1479 755 1525 supra
791 1481 838 1526 p.
875 1466 994 1512 131.

346 1544 578 1592 XXXXV
617 1545 692 1592 De
716 1546 948 1594 universo
973 1545 1065 1593 hoo
1087 1546 1368 1608 fragmento
1394 1547 1454 1594 ef.
1480 1562 1631 1608 supra
1654 1563 1700 1608 p.
1721 1548 1825 1595 134
1845 1562 1914 1610 sq.

232 1619 301 1674 V.
354 1619 408 1675 l.
471 1625 636 1673 Affert
682 1626 972 1674 Athenaeus
1012 1626 1111 1673 VII
1159 1629 1310 1676 3110
1355 1629 1520 1676 locum
1565 1627 1916 1691 Aristophanis

230 1706 357 1768 Equ.
383 1709 486 1755 361
522 1706 771 1771 λάβρακας
794 1707 1092 1770 Μιλησίους.
1149 1708 1288 1756 Idem
1312 1709 1410 1756 VII
1437 1711 1537 1757 311
1554 1724 1579 1756 e
1604 1709 1665 1756 de
1690 1708 1914 1758 Gaesone

230 1788 372 1835 haec:
414 1783 440 1835 ὅ
474 1783 526 1835 δὲ
554 1787 767 1850 Γαίσων,
807 1780 866 1836 οὗ
893 1783 1230 1852 Ἀρχέστρατος
1262 1787 1575 1852 μνημονεύει,
1614 1784 1916 1851 ἡΓαισωνὶς

231 1867 378 1930 λίμνη
404 1864 500 1915 ἐστὶ
523 1867 700 1930 μεταξὺ
725 1866 953 1932 Πριήνης
983 1866 1065 1916 καὶ
1088 1867 1320 1932 Μιλήτου
1343 1866 1575 1933 ’ἡνωμένη
1598 1875 1655 1936 τῇ
1678 1869 1914 1938 θαλάττῃ,

235 1944 301 2006 ὡς
331 1947 574 2011 Νεάνθης
607 1945 632 1996 ὅ
664 1946 942 2011 Κυζικηνὸς
973 1948 1160 2013 ἱστορεῖ
1183 1985 1194 1997 .
1222 1990 1230 1997 .
1258 1946 1479 2014 ’Ἐφορος
1512 1946 1564 1997 δὲ
1606 1989 1614 1998 .
1643 1990 1651 1998 .
1691 1949 1914 2013 ποταμὸν

234 2022 364 2076 εἷναί
391 2042 515 2091 φησι
545 2027 631 2077 τὸν
655 2028 886 2076 Γαίσωνα
916 2026 1026 2093 περὶ
1049 2029 1299 2093 Πριήνην,
1332 2024 1391 2079 ὃν
1425 2030 1600 2094 εἰσρεῖν
1632 2029 1699 2088 εἰς
1722 2030 1915 2094 λίμνην.

229 2109 405 2172 Itaque
445 2109 643 2158 Γαίσων
682 2110 862 2159 fluvius
903 2111 1080 2173 lacum,
1121 2112 1200 2159 eui
1232 2115 1282 2159 et
1319 2111 1415 2174 ipsi
1455 2111 1694 2159 Gaesonis
1734 2127 1914 2160 nomen

232 2193 361 2251 erat,
409 2190 652 2255 effecisse,
697 2190 778 2238 hic
825 2193 992 2239 autem
1038 2191 1175 2240 lacus
1214 2192 1266 2239 in
1303 2208 1442 2240 mare
1481 2192 1656 2240 exiisse
1695 2192 1910 2240 videtur.

230 2270 337 2320 Hoc
383 2273 601 2319 testatur
638 2271 931 2333 Apostolius
981 2287 1176 2334 quoque
1221 2273 1699 2335 paroemiographus
1739 2272 1784 2319 X
1826 2274 1911 2332 38,

231 2353 317 2413 qui
354 2350 602 2416 λάβρακας
639 2351 924 2414 Μιλησίους
969 2351 1021 2399 in
1067 2353 1386 2414 proverbium
1433 2353 1554 2402 dicit
1601 2353 1783 2401 abiisse
1832 2350 1913 2401 ἐπὶ

231 2437 328 2479 τῶν
367 2431 669 2497 λαιμάργων·
711 2429 764 2480 ἐν
795 2430 1005 2501 Μιλήτῳ
1047 2429 1099 2481 δὲ
1129 2439 1215 2497 τῆς
1238 2428 1404 2492 Ἀσίας
1442 2429 1653 2498 μέγιστοι
1690 2431 1913 2498 γίνονται
1993 2431 1996 2434 ⁴

230 2510 471 2576 λάβρακες
514 2509 598 2560 καὶ
642 2515 853 2561 πλεῖστοι
902 2511 984 2561 διὰ
1021 2511 1112 2576 τὴν
1150 2511 1445 2563 ἐκδιδοῦσαν
1490 2512 1667 2576 λίμνην
1706 2511 1775 2570 εἰς
1813 2512 1912 2561 θά-
2007 2567 2009 2569 ,

230 2595 432 2641 λασσαν.
499 2593 800 2642 Accuratius
841 2593 993 2642 etiam
1033 2594 1303 2644 scholiasta
1340 2594 1497 2643 Arist.
1538 2609 1646 2655 eqU.
1689 2595 1817 2642 360:
1858 2590 1912 2641 ἐν
1948 2598 1950 2600 ’
1987 2619 2009 2666 4·

230 2671 442 2742 Μιλήτῳ
480 2679 568 2737 τῆς
592 2668 756 2732 Ἀσίας
794 2670 1007 2739 μέγιστοι
1047 2674 1099 2724 οἱ
1123 2673 1362 2739 λάβρακες
1394 2672 1476 2722 διὰ
1505 2670 1595 2736 τὴν
1626 2670 1912 2736 εἰσρὲουσαν

229 2753 408 2817 λίμνην
439 2752 509 2812 εἷς
539 2750 628 2816 τὴν
658 2753 933 2803 θάλασσαν.
986 2755 1238 2821 χαίροντες·
1263 2753 1356 2821 γὰρ
1387 2753 1440 2804 οἷ
1459 2751 1628 2819 ἰχθύες
1649 2755 1716 2822 τῷ
1746 2757 1918 2818 γλυκεῖ

228 2833 372 2882 ὕδατι
425 2833 494 2892 εἰς
538 2831 629 2896 τὴν
674 2834 853 2898 λίμνην
899 2833 952 2884 ἐκ
997 2842 1083 2900 τῆς
1127 2834 1383 2898 θαλάσσης
1431 2830 1774 2898 ἀνατρέχουσι,
1827 2831 1911 2882 καὶ

1987 2790 2011 2838 ⁴

1983 2864 2011 2943 :⁴

231 2913 359 2964 οὕτω
411 2913 727 2978 πληθύνουσι
772 2913 907 2981 παρὰ
954 2920 1055 2975 τοῖς
1098 2914 1384 2979 Μιλησίοις.
1475 2909 1573 2982 (Of.
1614 2915 1808 2965 Aelian.
1846 2915 1910 2965 N.
1983 2950 1991 2987 3
