2038 3140
111 127 398 161 coxvlva
437 125 669 160 ArriovM
778 136 839 143 ——
926 107 991 159 79
1074 136 1136 143 -

110 245 317 298 deorum
356 245 564 292 heroum
602 244 882 292 nominibus
916 242 1101 291 Cenam
1140 258 1279 290 suam
1317 243 1529 306 largiter
1562 257 1801 291 exornare

112 326 331 388 studeat3
372 325 551 388 Tityus
583 325 885 388 generaliter
916 324 1106 371 dietum
1146 326 1221 371 est
1259 338 1350 385 pro
1389 323 1608 386 gigante,
1651 325 1800 383 atque

109 406 378 468 respondet
400 408 571 454 nostro
602 400 878 453 ‘Seeriese'.
941 404 1015 452 De
1041 404 1235 467 ingenti
1258 405 1603 467 magnitudine
1628 403 1802 466 congri

112 488 171 536 of.
219 487 337 535 Ath.
378 486 478 534 VII
527 488 631 535 288
650 502 695 534 e:
743 482 1015 543 Εὔδοξος
1062 479 1107 532 δ’
1160 482 1212 532 ἐν
1260 482 1377 553 ἕκτῳ
1417 487 1519 549 Γῆς
1565 483 1800 548 περιόδου

111 566 352 634 γόγγρους
391 564 513 630 φησὶ
551 565 763 624 πολλοὺς
802 564 1097 629 ἀνδραχθεῖς
1138 563 1190 613 ἐν
1229 569 1451 615 Σικυῶνι
1492 563 1799 614 ἁλίσκεσθαι·

115 641 185 696 ὧν
246 646 410 706 ἐνίους
471 641 597 696 εἶναι
658 645 739 695 καὶ
800 645 1101 710 ἁμαξιαίους.
1197 646 1430 695 Ceterum
1485 648 1543 695 ef.
1598 647 1657 695 fr.
1710 646 1803 695 III.

109 723 178 778 V.
207 723 283 777 38
310 745 412 791 sqq.
467 729 572 777 Dea
603 728 889 777 nominatur
920 728 1145 790 anguilla
1175 732 1379 790 propter
1412 744 1656 776 summam
1685 744 1800 789 epu-

111 810 285 859 lonum
317 809 734 858 aestimationem:
767 808 995 856 Eubulus
1029 809 1082 855 in
1111 809 1230 857 Ione
1256 825 1331 871 ap.
1360 810 1475 857 Ath.
1502 809 1601 856 VII
1635 811 1803 870 30003

110 891 162 938 II
205 893 307 940 186
356 890 512 939 Kock:
564 889 794 939 Βοιώτιαι
840 895 1070 953 παρῆσαν
1118 887 1318 954 ἐγχέλεις
1365 889 1526 951 θεαί,
1572 889 1703 937 idem
1749 889 1802 935 in

108 971 286 1020 Medea
326 964 401 1038 (Π
443 974 545 1021 177
580 965 743 1037 Koek)
779 968 1037 1036 παρθένου
1069 971 1305 1029 Βοιωτίας
1341 970 1346 1031 Ι
1381 969 1650 1038 Κωπᾷδος
1691 965 1801 1017 ὀνο-

110 1052 277 1115 μάζειν
308 1050 401 1117 γὰρ
434 1051 669 1116 αἰδοῦμαι
698 1051 875 1114 θεάν,
907 1053 1220 1115 Antiphanes
1254 1069 1331 1115 ap.
1356 1052 1474 1100 Ath.
1499 1051 1600 1098 VII
1633 1053 1803 1112 299e;

108 1133 161 1181 H
204 1136 267 1182 71
318 1133 458 1182 Koek
504 1133 758 1202 κωμῳδῶν
804 1131 920 1191 τοὺς
958 1133 1263 1198 Αἰγυπτίους
1310 1134 1451 1182 dicit:
1499 1132 1558 1181 τά
1596 1127 1636 1180 τ’
1681 1129 1802 1180 ἄλλα

114 1213 310 1272 δεινούς
349 1228 472 1276 φασι
508 1214 625 1273 τοὺς
654 1213 960 1279 Αἰγυπτίους
994 1215 1000 1274 Ι
1036 1208 1163 1263 εἶναι
1199 1212 1252 1263 τὸ
1292 1213 1491 1277 νομίσαι
1521 1209 1561 1261 τ’
1600 1211 1802 1262 ἰσόθεον

111 1291 202 1357 τὴν
250 1293 460 1360 ἔγχελυν.
524 1295 596 1344 Cf.
645 1296 796 1344 etiam
835 1295 1088 1345 Archestr.
1128 1295 1253 1343 VIH
1296 1297 1324 1343 7
1353 1310 1454 1357 sqq.
1531 1294 1803 1356 Epitheton

111 1374 412 1434 λευκώλενος
442 1376 569 1423 miro
596 1391 761 1423 errore
785 1375 1042 1424 Peltzerus
1069 1379 1119 1424 et
1142 1377 1463 1424 Paessensius
1487 1376 1713 1423 referunt
1737 1375 1802 1423 ad

108 1455 256 1507 λεπτὰ
304 1455 558 1522 βράγχια
603 1456 785 1504 collato
824 1455 1087 1504 Athenaeo
1134 1456 1235 1503 VII
1276 1457 1451 1505 298b:
1498 1457 1647 1504 immo
1690 1458 1802 1504 cute

109 1538 336 1588 detracta
359 1538 584 1601 anguilla
609 1535 816 1585 candido
844 1537 1046 1586 brachio
1073 1537 1250 1586 similis
1283 1541 1381 1601 est;
1414 1537 1476 1585 ab
1501 1537 1698 1585 Eubulo
1724 1552 1801 1598 ap.

109 1620 228 1668 Ath.
260 1619 360 1667 VII
399 1619 553 1668 300b
591 1616 864 1682 λευκόχρως
903 1617 1199 1681 appellatur.
1261 1618 1618 1682 Anguillarum
1655 1633 1803 1680 gene-

0 1724 9 1749 :
111 1701 240 1749 ratio
282 1703 332 1749 et
370 1699 625 1750 veteribus
662 1699 840 1762 ignota
877 1714 968 1748 nee
1004 1699 1190 1748 nostris
1228 1700 1538 1762 temporibus
1577 1699 1676 1748 nisi
1714 1716 1802 1746 nu-

109 1781 324 1844 perrime
363 1781 629 1829 observata
668 1773 751 1847 (cf.
793 1775 1001 1828 ‘Illustn
1039 1775 1273 1845 Zeitung'
1318 1783 1456 1831 1887
1490 1797 1622 1830 num.
1657 1781 1800 1829 2298

109 1879 154 1925 p.
184 1855 278 1929 62)
309 1861 563 1912 variarum
589 1862 878 1923 ⁸fabularum
910 1876 1083 1910 ansam
1114 1862 1264 1911 dedit.
1326 1863 1563 1926 Vulgaris
1589 1860 1803 1910 Graeco-

109 1959 221 1992 rum
254 1943 438 2007 opinio,
477 1959 603 2007 quae
626 1943 892 1992 Aristoteli
930 1960 1124 2007 quoque
1148 1945 1355 2007 placuit,
1391 1959 1550 2006 usque
1583 1944 1644 1991 ad
1675 1943 1803 1990 hane

4 2050 6 2053 ·
110 2026 330 2074 aetatem
366 2026 650 2088 propagata
686 2025 810 2074 haee
849 2027 978 2086 erat,
1020 2025 1160 2074 nasei
1199 2025 1449 2088 anguillas
1489 2022 1543 2073 ἐν
1579 2025 1646 2092 τῷ
1684 2023 1802 2088 βορ-

0 2115 6 2119 ”
36 2150 39 2153 ,
110 2103 243 2174 βόρῳ
282 2103 365 2153 καὶ
401 2110 458 2173 τῇ
503 2104 602 2154 ἰλύι
641 2104 840 2169 σήψεως
877 2102 1141 2170 γινομένης
1178 2099 1321 2169 (Ath.
1352 2105 1452 2153 VII
1483 2107 1648 2165 2980,
1686 2103 1802 2151 Ari-

111 2187 228 2235 stot.
260 2185 322 2234 H.
354 2185 417 2234 N.
449 2185 523 2233 VI
556 2187 639 2246 16,
675 2179 756 2252 1);
795 2185 926 2248 quod
947 2200 1066 2235 vero
1090 2185 1400 2247 amplexibus
1422 2185 1556 2235 Iovis
1586 2185 1804 2232 fruetam

111 2283 220 2317 esse
253 2267 527 2332 anguillam
558 2267 831 2329 fabulatur,
870 2281 981 2315 eam
1009 2266 1227 2328 paredus
1265 2267 1480 2317 fortasse
1520 2265 1803 2328 opinionem

113 2349 369 2411 sequitur,
441 2364 540 2411 qua
600 2347 720 2398 Iove
781 2347 953 2410 pluvio
1009 2364 1133 2411 opus
1197 2363 1306 2397 esse
1367 2347 1431 2396 ad
1491 2347 1802 2411 generandas

111 2428 504 2491 nutriendasque
534 2428 784 2490 anguillas
814 2429 1073 2492 putabant,
1105 2429 1166 2478 ef.
1196 2428 1352 2477 Arist.
1377 2429 1410 2477 1.
1442 2429 1474 2478 1.
1505 2427 1752 2494 γίνονται.
1773 2463 1803 2491 .,

21 2554 23 2558 ⁴
115 2507 231 2560 ὅταν
277 2508 414 2575 ὕδωρ
453 2505 650 2575 γένηται
689 2505 921 2575 ὄμβριον,
969 2512 1021 2559 et
1057 2510 1263 2559 iterum:
1310 2506 1394 2558 καὶ
1433 2507 1527 2575 γὰρ
1567 2510 1683 2569 ζῶσι
1718 2506 1803 2557 καὶ

22 2591 23 2595 ’
111 2587 371 2656 τρέφονται
417 2587 603 2660 ὀμβρίῳ
647 2588 815 2650 {idam
869 2591 929 2640 ef.
977 2591 1131 2640 etiam
1176 2591 1419 2640 Matronis
1473 2590 1533 2639 fr.
1579 2590 1631 2638 II
1679 2587 1802 2648 Διὸς

47 2720 49 2722 ,
111 2675 229 2732 παῖς
266 2668 474 2731 ἄσπετος
513 2668 708 2737 ὄμβρος.
770 2671 926 2722 Porro
966 2673 1191 2736 anguilla
1226 2668 1480 2737 παρθένος
1517 2671 1804 2734 appellatur

114 2753 177 2803 ab
208 2753 408 2803 Eubulo
442 2746 587 2820 (Ath.
620 2754 728 2802 300
745 2745 811 2819 c),
842 2753 1002 2803 eidem
1032 2753 1218 2803 ibidem
1252 2751 1429 2816 νύμφα
1459 2749 1802 2818 ἀπειρόγαμος.

113 2834 290 2898 Itaque
319 2834 519 2884 Danaes
559 2849 754 2898 quoque
786 2833 985 2883 fabulae
1014 2833 1208 2883 ratione
1238 2833 1413 2882 habita
1441 2832 1607 2895 potuit
1636 2833 1803 2882 Matre

115 2928 207 2964 sua
229 2915 526 2978 excogitare.
561 2917 826 2964 Muraenae
850 2928 961 2963 eum
987 2914 1303 2978 serpentibus
1323 2915 1454 2964 coire
1473 2914 1802 2977 putabantur,
