2038 3140
50 490 150 523 XIII

847 158 906 164 ——
993 128 1095 180 146
1176 159 1240 165 -
1367 147 1651 181 ARCHESTR.
1691 149 1876 182 HEDYP.

193 257 415 328 θρέμμα
456 262 828 321 Σελινοῦντος
868 267 1091 327 σεμνοῦ.
1169 263 1383 312 πλῦνον
1432 259 1497 312 δέ
1532 281 1624 313 νιν
1666 260 1876 331 ὀρθῶς,

196 343 304 399 εἷθ’
344 347 476 398 ὅλον
516 346 755 413 ὀπτήσας
793 346 1067 415 παράθες,
1108 345 1212 399 κᾶν
1251 339 1285 416 ᾖ
1328 348 1650 416 δεκάπηχυς.

196 478 284 531 καὶ
326 478 537 547 σπάρον
578 477 638 529 ἐν
677 478 903 549 παράλῳ
944 480 1263 546 Καλχηδόνι
1301 480 1399 531 τὸν
1440 479 1611 548 μέγαν
1652 467 1848 548 ὄπτα,
1894 496 1968 536 (41)

196 567 405 628 πλύνας
445 562 530 618 εὗ·
571 567 810 635 χρηστὸν
852 564 912 618 δὲ
951 564 1042 618 καὶ
1082 566 1141 619 ἐν
1182 570 1463 638 Βυζαντίῳ
1505 569 1629 631 ὄψει

195 653 531 723 κεύμεγέθη,
587 656 781 723 κυκλίῃ
822 651 951 722 <δ’>
987 659 1110 707 ἴσον
1150 654 1340 708 ἀσπίδι
1381 664 1535 724 σῶμα
1576 664 1876 726 φοροῦντα.

195 750 396 796 τοῦτον
437 742 571 795 ὅλον
610 742 886 813 θεράπευε
926 745 1136 812 τρόπον
1174 745 1415 796 τοιόνδε·
1457 746 1643 812 λαβών
1681 766 1799 813 νιν,

197 826 343 898 ἡνίκ’
380 829 448 883 ἂν
490 826 551 883 εὗ
591 837 739 902 τυρςό
781 829 873 883 καὶ
914 830 1076 902 ἐλαίῳ
1117 832 1296 884 πάντα
1335 838 1623 902 πυκασθῇ,

196 921 465 988 κρίβανον
506 917 561 980 ἐς
599 919 815 987 θερμὸν
854 917 1132 988 κρέμασον
1171 921 1397 973 κᾶπειτα
1435 923 1696 973 κατόπτα·

195 1007 427 1059 πάσσειν
470 1003 521 1059 δ’
559 1004 684 1059 ἁλσὶ
723 994 1137 1075 κυμινοτρίβοις
1175 1007 1266 1060 καὶ
1304 1013 1525 1080 γλαυκῷ
1566 1009 1729 1082 ἐλαίῳ

198 1097 255 1148 ἐκ
294 1097 477 1165 χειρὸς
514 1098 959 1164 κατακρουνίζων
997 1093 1348 1164 θεοδέγμονα
1387 1099 1585 1165 πηγήν.

197 1229 296 1280 τὸν
338 1224 386 1279 δ’
425 1228 560 1280 ὄνον
594 1222 909 1294 Ἀνθηδών,
949 1228 1048 1280 τὸν
1086 1231 1390 1297 καλλαρίην
1428 1228 1750 1297 καλέουσιν,
1896 1240 1969 1281 (35)

199 1316 446 1385 ἐκτρέφει
486 1313 787 1384 εὐμεγέθη,
828 1316 1053 1384 σομφὴν
1095 1311 1144 1368 δ’
1183 1314 1269 1386 ἄρ’
1309 1318 1419 1388 ἔχει
1456 1319 1580 1370 τινὰ
1620 1318 1820 1388 σάρκα,

195 1405 408 1466 κᾶλλως
448 1403 550 1473 οὐχ
588 1403 783 1471 ἡδεῖαν
823 1401 1022 1472 ἔμοιγ’,
1061 1404 1219 1457 ἄλλοι
1259 1402 1321 1458 δὲ
1361 1406 1524 1474 <λίην
1563 1408 1690 1474 νιν>

197 1493 481 1546 αἰνοῦσιν·
519 1494 699 1561 χαίρει
736 1493 841 1562 γὰρ
882 1491 910 1544 ὁ
951 1489 1053 1561 μὲν
1092 1494 1334 1561 τούτοις,
1376 1493 1405 1546 ὁ
1447 1491 1497 1546 δ’
1537 1493 1782 1556 ἐκείνοις.

885 1673 1200 1707 ΤΕΞΤΙΜΟΝΙΑ

308 1754 432 1801 XIII
493 1753 611 1801 Ath,
651 1753 750 1800 VII
791 1755 959 1803 320ae
1016 1749 1084 1802 Ἀ.
1125 1749 1170 1802 δ’
1215 1751 1269 1802 ἐν
1314 1760 1370 1821 τῇ
1415 1753 1755 1822 Γαστρονομίᾳ
1794 1790 1805 1801 .
1832 1793 1841 1803 .
1867 1790 1879 1802 .

197 1831 279 1901 (fr.
318 1827 579 1901 XXXXI),
618 1831 713 1882 κάν
752 1831 881 1903 ἄλλῳ
922 1830 974 1882 δὲ
1013 1831 1145 1898 μέρει
1183 1832 1308 1897 φησὶ
1347 1833 1479 1882 «καὶ
1514 1860 1575 1868 —-
1611 1833 1857 1900 πηγήν».

306 1915 424 1963 XIV
478 1915 596 1964 Ath.
629 1915 728 1962 VII
762 1910 930 1964 3'16a:
979 1910 1048 1962 Ἀ.
1081 1912 1135 1963 δέ
1165 1928 1288 1978 φησι
1321 1913 1454 1963 «τὸν
1477 1942 1548 1948 --
1574 1913 1876 1974 ἐκείνοις».

755 2084 1007 2118 VARIBTAS
1046 2084 1318 2118 LEOTIONIS

311 2157 399 2200 XII
439 2162 464 2201 3
496 2157 674 2202 πλύνον
707 2159 815 2201 ante
847 2157 1152 2202 Dindorfium.

311 2223 419 2268 XIII
462 2228 484 2266 1
519 2222 693 2280 σκάρον
723 2224 887 2281 vulgo,
929 2223 1109 2282 σπάρον
1143 2222 1253 2267 dedi
1374 2222 1630 2282 καρχηδόνι
1661 2225 1728 2280 A,
1761 2237 1876 2270 corr.

509 2300 532 2323 κ

194 2333 454 2390 Schweigh.
488 2299 762 2390 (χαῗιξηδόνι
795 2335 852 2390 Ο)
959 2339 984 2378 2
1019 2333 1271 2391 εὔχρηστον
1302 2335 1361 2389 A,
1394 2347 1510 2378 corr.
1541 2333 1746 2378 Dindorf
1848 2340 1875 2378 3

191 2399 274 2444 καὶ
306 2398 506 2457 μέγεθος
535 2401 604 2455 A,
644 2399 823 2444 correxi
918 2401 1104 2458 κυκλίῃε
1151 2403 1343 2451 κυκλιας
1373 2401 1441 2455 A,
1481 2401 1647 2460 κυκλίᾳ
1687 2399 1758 2443 ed.
1790 2414 1875 2455 pr„

192 2465 369 2511 inserui
399 2464 446 2509 δ’
533 2473 660 2510 νῶτα
689 2467 750 2521 A,
781 2461 911 2524 σῶμα
941 2465 1157 2511 Ribbeck
1187 2466 1359 2511 collafio
1390 2466 1517 2510 Bassr.
1549 2481 1591 2511 v.
1618 2471 1675 2509 44
1768 2470 1793 2509 5
1825 2481 1874 2510 τε

192 2533 301 2589 post
323 2535 445 2591 τυρῷ
471 2531 606 2576 addit
629 2533 676 2577 A
735 2532 914 2593 ἀλεύρῳ
940 2533 1139 2578 Stadtm.
1163 2546 1248 2589 pro
1274 2527 1426 2592 ἐλαίῳ,
1455 2531 1538 2576 sed
1560 2530 1650 2575 fuit
1671 2530 1873 2575 forfasse

194 2602 314 2658 τυρῷ
346 2598 428 2643 καὶ
458 2600 626 2658 σιλφίῳ
658 2599 1007 2656 ἀμφιπυκασθῇ
1108 2604 1132 2644 7
1163 2598 1355 2643 πάσσων
1385 2597 1440 2642 θ’
1477 2597 1823 2642 Stadtmueller.

310 2672 419 2716 XIV
460 2678 483 2716 1
517 2673 736 2729 ἀνοηδων
759 2673 820 2728 A,
853 2686 965 2717 corr.
991 2670 1292 2716 Casaubonus
1397 2672 1672 2728 καλλαρίηνε
1704 2674 1874 2715 καλλα-

195 2741 302 2796 ρίαν
332 2740 379 2783 Α
499 2743 525 2783 2
558 2737 816 2796 εὐμεγέθης
847 2739 1006 2797 ὀμφὴν
1037 2740 1084 2784 A
1166 2736 1220 2783 δὲ
1250 2735 1413 2797 τρέφει
1442 2736 1549 2782 τινὰ
1579 2736 1639 2791 A,
1672 2736 1873 2780 correxit

192 2803 408 2849 Ribbeck
543 2811 569 2850 3
601 2808 752 2856 καλῶς
781 2806 847 2862 A,
888 2804 1089 2849 correxit
1119 2803 1289 2849 Ooraes
1426 2809 1452 2847 3
1470 2817 1538 2858 sq.
1581 2800 1734 2859 ἔμοιγε
1767 2799 1869 2847 ἀλλ’

195 2872 484 2916 ὑδαίνουσαν
502 2873 563 2927 A,
595 2868 761 2929 ἔμοιγ’,
785 2871 916 2916 ἄλλοι
939 2868 992 2915 δὲ
1010 2869 1206 2928 μάλιστα
1233 2875 1240 2926 Ι
1266 2867 1479 2915 αἰνοῦσιν
1495 2867 1716 2924 Heringa,
1743 2867 1873 2913 ἄλλοι

197 2935 250 2981 δέ
282 2953 360 2991 μιν
391 2935 534 2989 αἰνῶς
564 2937 797 2992 Ribbeck,
830 2938 961 2982 ἄλλοι
991 2935 1043 2981 δὲ
1075 2937 1181 2993 λίην
1210 2952 1286 2981 νιν
1319 2934 1656 2980 ὃὴαᾶίῑηιυθΠθι·
