2038 3140
868 150 931 158 -
1014 121 1120 172 154
1199 151 1265 157 —
1401 139 1683 173 AROHESTR.
1715 141 1903 174 HEDYP.

109 272 220 305 xxx
258 254 355 306 τὸν
395 255 592 322 χρόμιν
633 252 691 305 ἐν
734 251 917 321 Πέλλη
960 254 1119 320 λήψει
1160 251 1332 320 μέγαν
1372 250 1512 323 (ἔστι
1553 250 1612 305 δὲ
1651 255 1819 320 πίων,
1919 265 1991 305 (46)

260 341 327 394 ἂν
368 340 537 410 θέρος
576 333 633 411 ᾗ)
675 339 765 393 καὶ
808 341 865 393 ἐν
900 336 1219 410 Ἀμβρακίῃ·

85 493 219 525 XXXI
930 490 1168 556 κίθαρον
1211 484 1270 539 δὲ
1309 488 1538 554 κελεύω,
1921 493 1991 534 (2⁷)

259 576 328 629 ὀὲν
369 574 468 645 μὲν
509 577 702 638 λευκὸς
742 578 800 645 ἔῃ
843 577 1061 642 στερεός
1099 594 1156 627 τε
1198 574 1400 644 <μέγας
1438 576 1530 643 τε>
1571 578 1811 646 πεφύκῃ,

258 665 412 729 ἕψειν
453 666 530 727 εἰς
570 665 750 732 ἅλμην
789 665 1045 732 καθαρὴν
1085 665 1220 716 κατὰ
1259 665 1443 732 φύλλα
1482 662 1744 716 καθέντα·

258 753 327 806 ἂν
368 751 416 806 δ’
457 746 489 823 ᾗ
531 754 742 822 πυρρὸς
782 753 923 804 ἰδεῖν
961 750 1052 804 καὶ
1091 753 1162 820 μὴ
1203 754 1329 819 λίην
1370 750 1561 820 μέγας,
1603 751 1775 805 ὀπτᾶν

193 851 216 889 5
258 842 402 911 ὀρθῇ
442 845 779 909 κεντήσαντα
822 839 987 909 δέμας
1025 847 1258 910 νεοθῆγι
1297 844 1547 911 μαχαίρῃ.

255 928 345 982 καὶ
385 934 570 1001 πολλῷ
611 936 758 1001 τυρςό
800 928 890 982 καὶ
931 929 1093 1000 ἐλαίῳ
1132 937 1334 996 τοῦτον
1375 930 1587 998 ἄλειφε·

257 1021 431 1088 χαίρει
471 1019 576 1086 γὰρ
619 1019 979 1079 δαπανῶντας
1018 1018 1191 1086 ὁρῶν,
1232 1021 1381 1070 ἔστιν
1422 1013 1476 1070 δ’
1515 1017 1827 1081 ἀκόλαστος.

55 1191 219 1223 XXXII
258 1176 372 1232 εἶτα
412 1182 603 1247 λαβεῖν
643 1188 852 1248 ψῆτταν
893 1179 1134 1247 μεγάλην
1174 1177 1264 1231 καὶ
1302 1179 1404 1246 τὴν
1442 1179 1759 1248 ὑπότρηχυν
1917 1191 1989 1232 (51)

254 1268 635 1336 βούγλωσσον,
668 1267 875 1335 ταύτην
909 1265 969 1320 δὲ
1001 1266 1219 1336 θέρευς,
1252 1266 1378 1337 περὶ
1403 1268 1651 1320 Χαλκίδα
1683 1268 1899 1336 κεδνήν.

899 1462 1214 1496 TESTIMONIA

330 1552 467 1599 XXX
521 1551 639 1600 Ath.
674 1551 772 1599 VH
804 1553 972 1599 328a:
1012 1548 1095 1598 καὶ
1127 1545 1193 1598 Ἀ.
1238 1549 1370 1599 «τὸν
1407 1578 1468 1583 —
1500 1546 1868 1618 Ἀμβρακίᾳ».

328 1633 490 1681 ΧΧΧΙ
536 1631 653 1681 Ath.
687 1632 786 1680 VII
819 1634 984 1680 306a:
1026 1628 1052 1680 ὃ
1085 1628 1137 1680 δὲ
1164 1627 1231 1679 ’A.
1265 1630 1318 1680 ἐν
1349 1638 1404 1700 τῇ
1432 1627 1748 1699 “Ηδυπαθεία
1778 1630 1900 1678 «κί-

216 1717 408 1777 θαρον
446 1739 505 1746 -
545 1712 915 1770 ἀκόλαστος».

328 1795 519 1842 XXXII
579 1794 695 1843 Ath.
729 1794 828 1841 VII
871 1796 1037 1843 288a:
1093 1792 1421 1859 βούγλωσσος.
1482 1790 1508 1841 ὁ
1550 1789 1900 1857 Πυθαγορικὸς

217 1871 270 1923 δὲ
319 1870 383 1924 δι’
433 1873 712 1940 ἐγκράτειαν
753 1869 1091 1938 Ἀρχέστρατός
1138 1888 1292 1937 φησιν
1339 1868 1496 1922 «εἶτα
1532 1900 1594 1907 -
1629 1871 1899 1935 κεδνήν».

218 1956 316 2003 VII
359 1958 464 2005 330
499 1950 567 2002 Ἀ.
609 1951 662 2003 δέ
701 1968 855 2018 φησιν
895 1949 1054 2003 «εἶτα
1091 1981 1152 1988 -
1189 1954 1458 2018 κεδνήν».

778 2123 1032 2159 VARIETAS
1073 2124 1343 2157 LEOTIONIS

335 2207 464 2251 XXX
497 2212 518 2250 1
556 2205 703 2263 λήψηι
734 2205 801 2261 A,
841 2205 981 2262 λήψει
1012 2205 1215 2250 Dindorf
1330 2211 1355 2249 2
1389 2208 1594 2263 ανθερος
1624 2205 1653 2262 ἠ
1686 2205 1753 2260 A,
1786 2218 1898 2250 corr.

214 2273 518 2318 Casaubonus
1337 2321 1339 2324 ι

334 2338 485 2382 XXXI
515 2343 541 2382 2
570 2336 642 2394 ἔηι
665 2338 710 2382 Α
795 2336 938 2395 μέγας
952 2354 1001 2382 τε
1027 2337 1245 2394 supplevi
1269 2350 1324 2381 ex
1353 2337 1624 2397 coniecturas
1640 2335 1900 2392 Ribbeckii,

212 2405 298 2461 qui
337 2405 481 2448 etiam
518 2403 740 2461 proponit
778 2403 1076 2463 scribendum
1116 2401 1175 2448 ἂν
1219 2402 1362 2461 μέγας
1400 2399 1428 2462 ᾗ
1461 2403 1542 2448 καὶ
1572 2403 1734 2454 λευκὸς
1765 2401 1900 2458 ἰδεῖν,

215 2470 268 2529 ἔῃ
298 2470 538 2530 (χροιὴν)
570 2469 751 2527 στερεός
781 2470 996 2515 Meineke
1093 2470 1283 2527 πεφύκη
1316 2470 1362 2515 Α
1412 2524 1423 2534 ι
1483 2476 1508 2514 3
1541 2468 1783 2527 καθαρὴντ
1816 2485 1900 2513 κα-

211 2538 377 2595 θαρὰν
395 2538 441 2582 A
517 2535 640 2581 κατὰ
663 2535 851 2592 scripsi:
885 2536 999 2596 βαιὰ
1021 2536 1083 2592 A,
1114 2536 1196 2581 καὶ
1227 2536 1378 2593 φύλλα
1409 2535 1624 2580 Meineke
1714 2540 1743 2578 4
1774 2536 1899 2591 λίηνε

214 2607 320 2650 λίαν
353 2604 399 2648 A
520 2608 545 2646 ὃ
579 2605 809 2660 νεοθηγεϊ
832 2602 892 2658 Α,
925 2601 1126 2646 correxib
1158 2602 1462 2647 Casaubonus
1553 2602 1778 2658 μαχαίρης
1812 2617 1901 2657 μα-
2020 2631 2021 2634 =

245 2674 356 2732 αίρᾳ
387 2670 434 2714 Α

214 2689 241 2729 χ
332 2735 506 2780 XXXII
555 2740 577 2779 1
619 2749 663 2791 p.
691 2739 776 2779 288
817 2733 898 2778 καὶ
929 2749 1018 2780 om.
1050 2734 1096 2779 A
1227 2739 1252 2777 2
1291 2748 1336 2790 p.
1363 2738 1448 2778 330
1489 2732 1753 2792 βούγλωσσα
1791 2731 1900 2788 περὶ

213 2804 428 2846 Χαλκίδα
459 2799 632 2856 κεδνήν
672 2800 719 2844 A
758 2800 942 2855 reliquo
980 2813 1116 2844 versu
1155 2799 1326 2844 omisso
1437 2813 1482 2854 p.
1515 2801 1600 2842 288
1640 2797 1721 2842 καὶ
1750 2800 1804 2842 Χ.
1838 2797 1899 2852 A,

214 2867 336 2913 κατὰ
366 2871 419 2911 Χ.
453 2867 574 2924 DQ,
620 2866 819 2911 fortasse
859 2866 1035 2922 ταύτην
1080 2882 1128 2910 τε
1167 2865 1339 2923 θέρευς
1375 2863 1458 2908 καὶ
1495 2865 1693 2920 χαλκίδα
1725 2863 1899 2919 κεδνήν

214 2932 386 2978 Kaibel
