2038 3140
843 157 915 163 —
996 127 1099 178 110
1176 157 1247 162 ——
1547 146 1884 180 INCERTORVM

311 257 455 311 Ἀλλ’
511 255 642 311 οὐδὲ
696 267 807 311 τῶν
863 257 958 327 ἀφ’
997 255 1333 327 ἹΙρακλεόυς
1378 278 1459 320 τις
1507 257 1805 327 ἐλέφαντος
1849 257 1882 325 ἢ

199 346 422 409 λέοντος
478 348 829 417 ἰσχυρότερος
892 346 959 398 ἀν
1015 349 1231 415 φανείη.
1335 342 1485 415 οἶμαι
1540 344 1590 399 δ’
1652 347 1735 399 ὅτι
1788 345 1880 399 καὶ

201 443 405 503 ταῦρος
435 442 621 504 πυγμῇ
655 437 1040 503 στεφθήσεται.
1101 433 1193 487 καὶ
1226 436 1371 502 ὄνος,
1413 438 1566 503 φησί,
1608 436 1704 500 λὰξ
1734 431 1883 503 ποδί,

202 525 253 575 εί
273 525 548 591 βούλεται,
582 522 767 592 ἐρίσας
796 522 966 575 αὐτὸν
998 524 1095 575 τὸν
1128 522 1407 591 στέφανον
1443 528 1667 576 οἴσεται·
1709 523 1882 592 αὐτὰρ

111 628 167 666 20
202 612 261 664 ἐν
303 612 515 680 ἱστορίη
554 613 868 682 πολυπείρῳ
910 612 1175 678 γράψεται
1215 613 1369 678 ὄνος,
1418 612 1501 664 ὅτι
1543 612 1881 681 παγκράτιον

198 699 418 767 ἐνίκησέ
454 696 573 751 ποτ’
613 699 839 766 ἄνδρας·

272 787 488 855 εἰκοστὴ
530 785 621 840 καὶ
660 788 845 856 πρώτη
881 785 1174 856 Ὀλυμπιὰς
1212 784 1308 856 ἦν,
1350 785 1427 840 ὅτ’
1468 787 1620 841 ἐνίκα

272 877 516 945 ὀγκητής·
548 877 565 943 ΙΙ

315 962 455 1007 Πάνυ
487 961 737 1020 χαριέντως
769 959 902 1014 οὗτος
935 961 957 1006 ὁ
990 965 1147 1018 μῦθος
1175 959 1461 1007 ἐπιδείκνυσι
1493 963 1577 1020 τὴν
1618 961 1880 1018 ἀθλητικὴν

109 1038 165 1078 25
199 1027 330 1085 ἰσχὺν
363 1030 417 1073 οὐ
451 1036 542 1074 τῶν
575 1031 891 1086 ἀνθρωπίνων
925 1026 1068 1074 οὖσαν
1102 1029 1394 1086 ἀσκημάτων.

705 1177 903 1209 HOMERI
942 1177 1134 1211 VERSVS
1174 1175 1373 1209 SIMILES

228 1256 279 1294 17
313 1247 341 1304 ἢ
376 1257 455 1301 σῦς
486 1248 539 1306 ἠὲ
573 1251 741 1301 λύκους
770 1250 1015 1306 ποιήσεται
1047 1248 1100 1306 ἠὲ
1134 1248 1323 1300 λέοντας
1361 1267 1388 1293 κ
1414 1254 1499 1293 433

313 1314 412 1360 οὔτ’
443 1313 527 1360 οὖν
559 1315 817 1373 παρδάλιος
847 1315 1013 1362 τόσσον
1045 1315 1183 1374 μένος
1215 1316 1320 1360 οὔτε
1352 1314 1537 1366 λέοντος
1563 1317 1570 1372 Ι
1607 1318 1720 1359 1220
1751 1342 1753 1344 -

311 1380 395 1438 ἠδὲ
429 1380 614 1433 λέοντος
639 1385 646 1437 Ι
681 1399 708 1426 κ
734 1388 819 1426 218
1410 1416 1415 1420 .

226 1454 280 1493 18
319 1451 325 1505 l
352 1455 509 1506 πυγμῇ
542 1446 785 1503 νικήσαντ’
826 1452 876 1492 Ψ
895 1455 978 1494 669
1140 1453 1146 1503 Ι
1175 1447 1257 1501 λὰξ
1288 1447 1401 1492 ποδὶ
1432 1447 1625 1502 κινήσας
1662 1450 1709 1491 Κ
1731 1452 1815 1492 158

313 1515 417 1560 οὐδ’
450 1514 509 1559 ἂν
536 1513 726 1571 Ἀχιλλῆι
759 1512 980 1572 ῥηξήνορι
1012 1513 1263 1572 χωρήσειεν

314 1581 364 1626 ἔν
396 1580 441 1639 ’γ’
471 1581 772 1639 αὐτοσταδίῃ·
806 1582 915 1625 ποσὶ
947 1579 993 1624 δ’
1023 1581 1077 1625 οὔ
1109 1598 1206 1631 πως
1239 1579 1360 1625 ἔστιν
1395 1577 1559 1637 ἐρίζειν
1599 1581 1653 1623 Ν
1673 1585 1759 1623 324
1778 1594 1845 1635 sq.

224 1652 280 1692 20
313 1645 364 1693 ἐν
388 1644 542 1704 ’Ἄργεΐ
566 1663 652 1704 περ
683 1648 934 1707 πολυπύρῳ
963 1648 969 1704 Ι
1009 1649 1049 1691 Ο
1072 1653 1157 1692 372

315 1717 320 1770 Ι
349 1713 535 1771 γράψας
567 1710 617 1758 ἐν
648 1716 813 1759 πίνακι
844 1716 1027 1772 πτυκτῷ
1071 1717 1105 1757 Ζ
1132 1720 1215 1759 169

223 1785 278 1824 21
313 1781 452 1839 βουλὴ
486 1779 537 1824 δὲ
571 1781 692 1837 κακὴ
725 1783 914 1837 νίκησεν
948 1777 1144 1838 ἑταίρων
1173 1785 1178 1835 Ι
1213 1798 1241 1825 κ
1265 1786 1321 1824 46
1449 1779 1646 1835 νίκησε*
1690 1780 1846 1823 Ψ604

222 1851 277 1890 22
310 1845 502 1890 πόδεσσι
534 1844 586 1890 δὲ
617 1845 798 1897 πάντας
830 1842 964 1890 ἐνίκα
991 1848 998 1904 Ι
1038 1849 1182 1891 ‘1'410
1201 1846 1259 1890 al.

752 1985 1008 2019 VARIETAS
1046 1984 1316 2018 LECTIONIS

312 2064 365 2104 18
398 2058 481 2113 λὰξ
513 2061 632 2104 ποδί
656 2059 835 2116 Haupt,
869 2058 951 2113 λὰξ
983 2061 1099 2102 ποσί
1123 2058 1320 2115 Burges:
1354 2057 1436 2112 λὰξ
1470 2057 1540 2102 ὅτι
1573 2057 1712 2114 vulgo

303 2273 533 2335 Mythum
573 2273 642 2321 sio
681 2272 879 2321 refinxit
917 2273 1192 2335 Hauptius:

340 2352 404 2397 Εἰ
434 2353 583 2410 Ζηνὸς
612 2354 770 2411 γνώμῃ
803 2354 936 2414 ζῴοις
967 2353 1163 2411 ὁμόνοια
1194 2350 1375 2411 γένοιτο

339 2426 482 2464 πᾶσιν
513 2420 629 2478 πρὸς
661 2421 786 2478 βίον,
818 2421 879 2471 ὡς
908 2421 989 2465 τὸν
1016 2419 1329 2478 Ὀλυμπιακὸν
1361 2418 1543 2477 κήρυκα

339 2485 400 2543 μὴ
433 2484 578 2542 μόνον
611 2486 895 2544 ἀνθρώπους
927 2484 974 2538 ἐς
1005 2488 1294 2545 ἀγωνισμοὺς
1322 2487 1686 2544 προκαλεῖσθαι,

338 2559 482 2596 πᾶσιν
515 2550 566 2596 δὲ
601 2551 732 2611 ζῴοις
763 2548 1029 2610 ἐπιτρωπᾶν
1063 2550 1109 2605 ἐς
1141 2551 1291 2598 στάδι’
1318 2552 1475 2610 ἥκειν,

221 2625 246 2663 5
340 2616 498 2663 οὐδέν’
526 2616 586 2662 ἂν
618 2618 886 2675 ἀνθρώπων
918 2618 1095 2673 δοξάζω
1129 2617 1499 2677 στεφθήσεσθαι.

338 2681 388 2729 ἕν
422 2682 506 2741 μὲν
539 2684 627 2743 γὰρ
659 2686 910 2742 δολιχοῖσιν
941 2682 1196 2742 ὑπέρτατος
1229 2683 1408 2730 ἔσσεται
1440 2685 1601 2737 ἵππος,

280 2864 305 2902 5
338 2854 496 2902 οὐδέν’
523 2856 583 2903 ἂν
615 2859 883 2919 ἀνθρώπων
917 2859 1278 2918 στεφθήσεσθαί
1299 2858 1406 2904 ποτ’
1434 2859 1515 2904 ὀίω
1545 2857 1807 2916 praeferam

277 2930 304 2969 6
337 2919 387 2967 ἐν
419 2921 504 2980 μὲν
535 2924 623 2983 γὰρ
655 2927 821 2987 δολίχῳ
853 2925 1207 2986 πανυπέρτατος
1238 2923 1418 2971 ἔσσεται
1449 2926 1589 2976 ἵππος
1625 2923 1839 2969 Chartier

1905 893 2038 936 123713
