2038 3140
829 150 891 156 —
979 119 1079 172 156
1165 151 1226 156 -
1362 139 1645 173 AROHESTR.
1679 141 1866 174 HEDYP.

220 253 585 320 Περσεφόνης
617 251 742 312 ἕδος
773 250 1134 318 εὐστεφάνου,
1172 253 1313 303 πολὺ
1347 253 1432 320 δή,
1469 254 1611 304 πολὺ
1644 252 1867 305 πάντων

127 357 181 395 10
223 338 447 392 ἐνταῦθ’
490 337 629 391 εἰσὶν
670 340 884 408 ἄριστοι
925 341 1117 407 ἔχουσί
1151 358 1208 390 τε
1246 338 1481 408 τέρματα
1520 343 1690 407 νίκης.

223 428 280 479 οὗ
316 426 364 479 δ’
407 426 494 479 ἐπὶ
533 428 710 479 τῶνδε
749 429 933 479 τόπων
973 427 1382 496 πεπλανημένοι
1421 426 1561 480 εἰσὶν
1602 428 1817 480 ἐκεῖθεν

221 517 395 567 πολλὰ
435 518 769 583 περήσαντες
807 515 1013 583 πελάγη
1054 517 1288 584 βρυχίου
1329 516 1421 568 διὰ
1459 518 1690 569 πόντου·

223 600 351 654 ὥστ’
392 603 596 665 αὐτοὺς
634 603 787 671 ἡμεῖς
826 604 1145 671 θηρεύομεν
1187 605 1348 666 ὄντας
1387 603 1616 673 ἀώρους.

39 777 186 811 xxxv
224 764 325 831 τὴν
367 759 415 816 δ’
455 764 622 833 ἀμίην
663 764 1057 834 φθινοπώρου,
1100 765 1233 817 ὅταν
1273 765 1479 827 Πλειὰς
1517 766 1822 835 καταδύνῃ,
1886 748 1938 820 3⁷>

220 853 397 904 πάντα
437 855 644 921 τρόπον
685 853 928 916 σκεύαζε·
983 855 1040 904 τί
1075 866 1164 906 σοι
1202 853 1333 905 τάδε
1373 854 1762 922 μυθολογεύω;

223 939 290 991 οὐ
329 941 433 1008 γὰρ
474 941 545 1008 μὴ
588 942 658 992 σὺ
699 942 1033 1010 διαφθείρῃς
1071 938 1149 1008 γ’,
1191 938 1312 993 οὐδ’
1352 940 1420 993 ἂν
1462 941 1746 1010 ἐπιθυμῇς.

222 1029 272 1079 εἰ
310 1027 358 1079 δ’
400 1028 610 1090 ἐθέλεις
647 1027 738 1080 καὶ
777 1036 941 1081 τοῦτο
984 1029 1276 1097 δαήμεναι,
1318 1026 1359 1081 ὦ
1402 1032 1527 1097 φίλε
1567 1032 1784 1098 Μόσχε,

155 1133 181 1171 5
223 1117 413 1169 ὅντινα
451 1120 556 1187 χρή
598 1131 658 1169 σε
697 1119 902 1184 τρόπον
944 1119 1134 1183 κείνην
1176 1118 1457 1169 διαθεῖναι
1498 1118 1714 1186 ἄριστα·

224 1203 283 1256 ἐν
325 1213 492 1273 συκῆς
534 1206 766 1273 φύλλοις
805 1203 897 1257 καὶ
937 1204 1180 1276 ὀριγάνῳ
1223 1205 1290 1257 οὐ
1330 1205 1472 1274 μάλα
1511 1209 1700 1274 πολλῇ.

222 1292 294 1359 μὴ
335 1295 530 1362 τυρόν,
572 1294 644 1362 μὴ
681 1289 884 1345 ’λαιον·
926 1292 1110 1355 ἁπλῶς
1150 1291 1200 1345 δ’
1241 1293 1416 1356 οὕτως
1454 1295 1804 1362 θεραπεύσας

689 1503 887 1536 HOMERI
926 1502 1121 1537 VERSVS
1162 1501 1363 1536 SIMILES

189 1583 383 1627 XXXIV
410 1589 463 1626 10
495 1585 628 1639 νίκης
651 1581 838 1640 πείρατ’
864 1581 1050 1640 ἔχονται
1076 1579 1127 1627 ἐν
1151 1583 1436 1628 ἀθανάτοισι
1453 1587 1637 1629 θεοῖσιν
1665 1588 1713 1627 Η
1729 1589 1811 1629 102
1844 1623 1856 1629 ι

186 1649 357 1693 XXXV
432 1655 456 1692 2
490 1651 539 1692 τί
563 1665 635 1693 τοι
666 1648 779 1693 τάδε
813 1650 1136 1706 μυθολογεύω;
1170 1667 1202 1706 μ
1225 1654 1312 1694 450

434 1721 461 1758 4
494 1714 538 1759 εἰ
562 1712 607 1758 δ’
637 1712 830 1771 ἐθέλεις,
848 1716 1091 1760 καὶταῦτα
1111 1715 1356 1773 δαήμεναι,
1384 1713 1495 1773 ὄφρ’
1513 1714 1563 1760 εὖ
1584 1715 1709 1775 εἰδῇς
1737 1720 1770 1760 Ζ
1791 1722 1874 1761 150

432 1787 457 1825 5
491 1780 551 1832 ὥς
583 1798 660 1838 μοι
692 1783 831 1826 δοκεῖ
855 1779 979 1826 εἶναι
1012 1782 1213 1839 ἄριστα*
1247 1787 1374 1826 1103

869 1978 1187 2013 TESTIMONIA

297 2067 482 2114 XXXV
543 2067 659 2115 Ath.
709 2067 807 2114 VII
849 2069 1014 2116 278a:
1072 2063 1097 2114 ὅ
1140 2063 1192 2114 δὲ
1232 2063 1564 2129 ὀψοδαίδαλος
1606 2062 1672 2115 ’A.
1720 2065 1772 2115 ἐν
1818 2073 1874 2134 τῇ

189 2146 524 2215 Γαστρολογίᾳ
702 2145 812 2212 περὶ
865 2153 951 2210 τῆς
1005 2145 1152 2210 ἀμίας
1207 2146 1361 2211 φησὶν
1416 2147 1571 2206 οὕτως
1625 2144 1765 2210 «τὴν
1808 2173 1874 2181 —

187 2225 486 2276 ἔπαινον».
570 2228 799 2291 Lynceus
847 2243 923 2290 ap.
972 2228 1088 2277 Ath.
1131 2229 1232 2276 VII
1280 2231 1446 2278 314a:
1511 2225 1641 2291 ετὴν
1696 2226 1876 2292 ἀμίαν

187 2304 346 2357 ὠνοῦ
387 2303 839 2373 φθινοπώρου’,
877 2314 973 2356 νῦν
1013 2303 1058 2357 δ’
1096 2306 1223 2357 ἐστὶν
1261 2307 1360 2374 ἔαρ.

747 2514 1005 2549 VARIETAS
1044 2515 1316 2549 LEGTIONIS

307 2595 501 2639 XXXIV
555 2600 580 2639 9
621 2594 924 2653 Περσεφόνης
971 2593 1076 2645 ἕδος
1115 2594 1404 2652 εὐστεφάνου
1444 2595 1630 2640 Kaibel:
1679 2590 1873 2650 ἑρπετὸν

189 2659 318 2717 (ἕρπε
351 2658 447 2704 τότ’
481 2659 714 2715 Ribbeck)
747 2659 813 2712 εἰς
842 2659 1013 2712 ὕδατος
1045 2660 1305 2717 στεφάνους
1334 2662 1381 2707 A
1481 2667 1534 2707 12
1566 2661 1871 2719 περήσαντεςε

187 2726 476 2783 περάσαντες
505 2726 552 2770 A
646 2731 699 2770 13
733 2723 832 2770 ὥστ’
859 2728 919 2783 A,
954 2725 1063 2771 ὥστ’
1095 2727 1396 2772 Casaubonus
1487 2729 1634 2786 ὥρους
1663 2729 1724 2784 A,
1757 2741 1898 2789 corr.-

187 2791 489 2836 Casaubonus

310 2870 482 2915 XXXV
515 2875 538 2914 1
572 2872 737 2929 ἀμίηνε
770 2872 916 2930 ἀμίαν
946 2873 992 2917 Α
1084 2878 1110 2917 3
1142 2871 1206 2930 μή
1229 2886 1284 2917 συ
1309 2874 1569 2931 διαφθείρη
1602 2871 1646 2930 y?
1675 2871 1779 2918 οὐδ’
1811 2874 1872 2930 A,

187 2937 392 2984 correxit
423 2936 591 2983 Comes
714 2943 739 2983 7
771 2938 833 2996 μὴ
860 2937 1015 2984 ’λαιον
1046 2937 1231 2994 scripsi:
1264 2938 1325 2997 μὴ
1357 2942 1498 2998 λῆρον
1529 2940 1575 2984 A
