2038 3140
918 156 979 165 ——
1060 127 1131 180 46
1214 159 1275 164 -
1644 148 1947 184 HEGEMoms

252 266 386 314 teste
412 264 530 312 Ath.
555 264 673 311 XIV
702 264 873 311 621b:
907 260 986 310 καὶ
1014 260 1064 310 τὸ
1090 258 1178 324 μὲν
1203 262 1412 312 παλαιὸν
1436 262 1750 327 ὑποδήμασιν
1775 262 1948 329 ἐχρῆτο

258 338 307 409 (ὅ
349 338 635 411 ἵλαρῳδός),
677 341 742 401 ὥς
782 356 905 405 φησι
946 339 971 390 ὅ
1005 338 1314 405 Ἀριστοκλῆς
1354 338 1429 409 (in
1467 345 1595 393 libro
1634 345 1795 407 primo
1833 343 1945 410 περὶ

256 431 441 488 χορῶν,
484 425 697 471 Mueller
735 423 816 471 Fr.
858 423 919 471 H.
962 422 1019 471 Gr.
1051 423 1124 470 IV
1160 417 1313 489 331),
1357 431 1452 472 νῦν
1480 415 1545 473 >δὲ
1584 430 1808 489 κρηπῖσι,
1858 426 1942 475 de-

255 504 499 565 scriptum
522 504 573 551 in
594 504 750 551 Bekk.
768 504 952 552 Anecd.
971 505 1091 564 273,
1115 506 1180 552 18
1208 497 1338 563 εἶδος
1354 503 1670 569 ὑποδήματος
1687 504 1949 571 ἀνδρικοῦ,

248 582 420 647 ὑψηλὰ
446 582 639 648 ἔχοντος
662 582 720 632 τὰ
744 583 1032 647 καττύματα.
1088 584 1230 632 Unde
1258 585 1472 648 quidam,
1504 587 1555 634 id
1582 587 1712 649 quod
1735 590 1940 649 propter

250 669 535 727 temporum
558 665 881 714 intervallum
907 665 968 712 ab
994 664 1242 713 Aristocle
1269 666 1558 715 distinctum
1583 668 1786 715 minime
1810 668 1942 730 licet⁷

249 746 402 795 etiam
427 745 663 795 artiorem
687 746 935 808 quandam
969 745 1271 794 hilaroediae
1307 749 1357 794 et
1380 748 1616 810 parodiae
1644 748 1942 796 affinitatem

251 827 555 875 statuebant.
619 827 690 875 At
727 827 810 876 vix
848 827 1014 888 potuit
1047 825 1234 875 Graece
1275 828 1370 876 dici
1409 823 1701 877 eascendere
1740 828 1792 876 in
1830 829 1940 889 pul-

248 909 419 955 chram
467 907 719 969 crepidam
730 903 745 925 ⁹
749 945 760 967 ,
818 909 875 954 ut
920 910 1114 955 taceam
1161 909 1407 968 pluralem
1462 910 1628 971 potius
1678 925 1940 957 numerum

249 989 545 1052 desiderari3
588 989 890 1051 crepidinem
928 987 1091 1035 iudico
1134 988 1473 1051 Hegemonem
1513 991 1676 1038 dicere
1714 986 1943 1051 θυμέλην

247 1063 331 1134 (cf.
365 1069 510 1131 Soph.
547 1070 721 1117 Trach.
750 1071 855 1118 994
887 1067 1064 1132 κρηπὶς
1095 1070 1294 1132 βωμῶν,
1335 1070 1503 1131 Eurip.
1530 1070 1675 1119 Herc.
1709 1072 1803 1118 fur.
1834 1072 1941 1119 984

248 1149 442 1213 βωμίαν
472 1143 714 1215 κρηπῖδα)
755 1152 813 1197 ut
854 1150 936 1211 qui
969 1150 1272 1212 thymelicus
1306 1153 1439 1198 esset
1477 1153 1626 1199 actor.
1691 1150 1827 1207 Quae
1860 1167 1941 1199 ex-

249 1231 452 1292 plicatio
502 1231 822 1280 confirmatur
868 1231 975 1278 loco
1025 1230 1239 1292 quodam
1278 1231 1611 1294 Paroemiogr.
1654 1230 1823 1280 Graec.
1865 1231 1943 1280 ed.

247 1311 468 1360 Leutsch
508 1314 559 1359 et
600 1311 946 1360 Schneidewin
985 1311 1011 1358 I
1044 1313 1136 1359 31:
1178 1305 1421 1369 Ἀνίπτοις
1467 1309 1613 1360 ποσὶν
1651 1309 1943 1375 ἀναβαίνειν

247 1388 343 1439 ἐπὶ
381 1389 440 1439 τὸ
475 1387 697 1456 στέγος·
739 1389 819 1440 ἐπὶ
851 1398 948 1440 τῶν
980 1389 1230 1455 ἀμαθῶς
1261 1389 1343 1440 ἐπί
1365 1409 1474 1439 τινα
1498 1389 1614 1456 ἔργα
1637 1390 1719 1439 καὶ
1742 1391 1940 1455 πράξεις

249 1468 586 1535 ἀφικομένων,
619 1471 683 1519 ad
715 1473 848 1534 quod
882 1475 998 1534 apte
1030 1474 1291 1522 conferunt
1315 1473 1529 1521 editores
1556 1472 1753 1535 Syriani
1775 1474 1939 1521 locum

247 1553 311 1601 ad
346 1553 716 1615 Hermogenem
753 1570 799 1614 p.
826 1555 897 1602 40
928 1554 1024 1602 vol.
1057 1553 1131 1600 IV
1162 1554 1323 1602 Walz:
1364 1547 1468 1610 οἷος
1506 1545 1571 1615 ἦν
1603 1551 1678 1601 ὅτε
1710 1570 1808 1602 που
1841 1550 1942 1601 ἀπὸ

247 1639 333 1697 τῆς
378 1632 548 1697 κώπης
595 1631 870 1692 ἀνίπτοις
923 1631 1061 1683 ποσὶ
1106 1632 1227 1682 κατὰ
1273 1631 1363 1696 τὴν
1409 1633 1676 1697 παροιμίαν
1739 1631 1833 1681 ε’πὶ
1878 1631 1940 1682 τὸ

248 1714 407 1778 βῆμα
460 1713 733 1777 πηδήσας
779 1714 1046 1778 Δημάδης,
1092 1710 1329 1781 Ηγήμων
1373 1732 1422 1762 τε
1467 1711 1550 1762 καὶ
1594 1711 1804 1772 Πυθέας
1857 1711 1941 1762 καὶ

242 1790 604 1861 Ἀριστογείτων
642 1794 817 1844 ὕθλων
856 1793 1050 1861 ἀλόγων
1090 1795 1422 1858 συκοφαντίας
1461 1794 1647 1858 βουλας
1684 1812 1732 1843 τε
1767 1792 1850 1842 καὶ
1881 1793 1940 1842 τὰ

250 1874 538 1941 δικαστήρια
569 1874 925 1940 ἐμπεπληκότες
955 1874 1047 1925 κτὲ.
1112 1876 1255 1934 Quod
1277 1876 1555 1938 Hegemoni
1586 1875 1778 1924 rhet01i
1801 1875 1939 1939 βῆμα

249 1958 338 2016 est,
372 1957 650 2019 Hegemoni
680 1957 868 2019 parodo
902 1960 979 2005 est
1009 1954 1216 2020 θυμέλη.
1281 1955 1560 2018 Opponitur
1582 1971 1701 2005 vero
1736 1956 1935 2017 crepido
2035 2022 2038 2031 Ἴ

248 2038 472 2099 pulchra,
503 2040 562 2087 ut
594 2038 801 2093 discitur
826 2054 885 2086 ex
908 2038 1161 2099 proverbii
1184 2038 1319 2085 illius
1345 2036 1726 2099 comparatione,
1757 2036 1939 2084 taetris
2035 2034 2038 2070 ¹¹

247 2118 487 2180 decrepiti
537 2119 666 2167 senis
712 2112 782 2185 (v.
825 2121 854 2167 6
904 2112 1131 2184 γέροντα)
1177 2118 1411 2180 pedibus,
1464 2119 1522 2165 ut
1570 2116 1691 2165 artis
1737 2116 1937 2164 inscitia

249 2197 529 2260 Hegemoni
551 2216 640 2261 per
664 2200 900 2248 acerbum
929 2199 1094 2248 iocum
1119 2199 1457 2262 exprobretur.
1526 2191 1595 2246 V.
1629 2192 1686 2246 6.
1724 2195 1940 2245 Iacobsii

246 2280 411 2341 recepi
436 2279 772 2328 coniecturam
803 2282 988 2343 λῆμμα,
1021 2279 1153 2341 quod
1176 2279 1457 2342 Hesychius
1489 2279 1541 2326 et
1565 2277 1742 2325 Suidas
1765 2273 1939 2340 κέρδος

247 2359 667 2425 interpretantur,
707 2355 859 2408 ‘lucri
899 2354 1168 2421 studium'3
1218 2358 1351 2421 quod
1388 2357 1639 2406 Meinekio
1678 2357 1938 2419 placuerat

250 2443 382 2504 λῆμα
398 2433 590 2507 (Exere.
608 2440 660 2488 in
676 2440 793 2489 Ath.
810 2441 863 2488 II
881 2442 948 2489 41
963 2434 1074 2507 sq.),
1097 2440 1204 2502 ipse
1220 2442 1396 2501 postea
1413 2432 1500 2504 (ad
1515 2438 1634 2486 Ath.
1650 2437 1743 2485 XV
1763 2438 1866 2486 698
1878 2431 1937 2502 d)

247 2522 415 2571 verbis
447 2519 541 2571 οὐκ
577 2518 811 2571 ἐθέλοντα
847 2536 1129 2584 repugnare
1165 2520 1306 2570 vidit.
1364 2519 1615 2568 Notabilis
1654 2521 1730 2567 est
1760 2531 1939 2567 versus

249 2618 328 2665 ap.
365 2602 485 2652 Ath.
523 2602 570 2650 X
607 2604 775 2652 428a:
830 2594 966 2660 οἶνος
1002 2597 1163 2666 ἄνωγε
1200 2596 1405 2666 γέροντα
1447 2597 1532 2648 καὶ
1570 2596 1663 2648 οὐκ
1700 2595 1937 2647 ἐθέλοντα

249 2681 495 2747 χορεύειν,
539 2683 625 2746 qui
662 2682 826 2732 nescio
865 2697 930 2730 an
966 2682 1245 2745 Hegemoni
1283 2681 1574 2730 obversatus
1615 2680 1702 2742 sit3
1749 2678 1934 2727 etenim

251 2765 550 2814 sententiam
567 2764 824 2828 antiquam
841 2778 950 2813 esse
965 2765 1017 2812 te
1024 2765 1188 2812 statur
1202 2761 1422 2824 Eriphus
1439 2760 1655 2809 comicus
1675 2755 1730 2807 ἐν
1746 2756 1934 2826 Αἰόλῳε

249 2842 422 2909 λόγος
459 2844 552 2910 γάρ
591 2839 686 2893 ἔστ’
729 2841 975 2908 ἀρχαῖος
1013 2839 1074 2892 οὐ
1111 2847 1275 2900 κακῶς
1309 2838 1451 2904 ἔχων
1487 2833 1495 2906 Ι
1530 2833 1700 2888 οἶνον
1738 2835 1935 2903 λέγουσι

250 2922 387 2982 τοὺς
417 2921 724 2989 γέροντας,
755 2917 795 2973 ὦ
822 2923 988 2989 πάτερ,
1024 2916 1031 2988 Ι
1065 2921 1304 2971 πείθειν
1336 2918 1608 2986 χορεύειν
1630 2916 1777 2968 κούκ
1801 2913 1936 2967 ἐθέ-
