2038 3140
885 146 947 153 —-
1029 115 1099 169 56
1181 146 1243 153 ·-—
1730 137 1907 170 MATRo

220 251 451 301 versibus
503 251 774 316 fragmenti
821 255 1112 314 repetentur
1160 252 1425 301 simillimis
1473 254 1638 303 verbis
1686 269 1742 302 ea
1782 269 1907 316 quae

225 331 450 382 Convivii
481 350 559 382 vv.
585 335 617 380 4
638 349 709 394 sq.
743 333 877 381 dicta
915 335 1044 392 sunt,
1085 334 1205 381 item
1247 335 1448 382 secundi
1479 349 1652 384 versus
1685 335 1906 383 eiusdem

222 414 492 476 fragmenti
531 415 685 463 verba
723 412 973 477 μυελόεν
1011 413 1263 478 βλάστημα
1301 415 1606 476 praeripient
1635 416 1804 464 versui
1840 417 1906 463 16

225 493 452 543 Convivii
476 495 639 543 iocum
665 491 834 559 ὄστρεα
858 493 1181 558 μυελόεντα
1206 497 1256 543 et
1279 495 1644 544 hemistichium
1660 495 1909 558 posterius

223 576 443 624 eiusdem
482 575 617 624 illius
656 576 930 639 fragmenti
960 592 1134 626 versus
1175 569 1608 642 (καρηκομόωντας
1639 569 1910 642 ἀκάνθαις)

221 673 422 705 versum
445 658 511 705 18
533 655 760 706 Convivii
784 657 1096 706 dimidiatum
1120 657 1517 719 praeoccupabit.
1554 656 1743 713 Quibus
1760 658 1909 706 rebus

221 738 309 786 fiet
340 741 399 786 ut
430 754 603 787 rursus
637 737 878 787 simillimi
909 738 1005 787 loci
1036 741 1140 786 tam
1165 738 1342 800 exiguo
1373 737 1637 787 intervallo
1662 738 1912 799 legantur,

221 820 280 866 ut
316 819 369 866 in
409 819 610 868 easdem
649 833 773 881 quas
811 819 1130 882 fugiebamus
1170 819 1436 867 reiciamur
1476 819 1747 880 angustias.
1762 812 1805 884 1)

335 899 471 957 Quae
512 916 623 949 cum
660 901 735 948 ita
775 900 894 963 sint,
943 902 1226 963 fragmenta
1263 899 1457 947 Ι-ΠΙ
1507 915 1607 947 11011
1645 915 1909 961 possumus

221 997 319 1029 11011
372 981 453 1030 vel
507 981 570 1028 acl
623 981 791 1042 plures
846 982 969 1030 alias
1024 984 1149 1043 quae
1202 980 1391 1029 fuerint
1443 983 1643 1042 praeter
1691 975 1911 1029 Ἀττικὸν

222 1062 442 1109 Δεῖπνον
458 1061 690 1123 parodias
715 1063 795 1110 vel
821 1062 882 1109 ad
907 1077 1056 1109 unam
1080 1062 1266 1110 referre
1290 1062 1563 1124 parodiam‚
1587 1079 1686 1124 qua
1702 1063 1910 1111 alterius

223 1143 435 1192 convivii
474 1142 740 1204 descriptio
782 1158 811 1190 3
848 1143 998 1203 poeta
1037 1142 1364 1190 exhibebatur
1402 1143 1551 1206 plane
1582 1158 1672 1204 per
1703 1143 1910 1192 eandem

221 1222 550 1271 festivitatem
591 1238 650 1270 ex
687 1222 1092 1284 locupletissimis
1125 1222 1330 1272 Homeri
1367 1224 1618 1271 thesauris
1658 1227 1908 1287 congesta.

220 1302 296 1351 De
327 1303 611 1367 fragmento
644 1303 718 1351 IV
749 1303 919 1352 licebit
951 1303 1151 1365 quidem
1184 1303 1412 1353 dubitare
1442 1320 1563 1352 num
1594 1320 1654 1353 ex
1676 1305 1911 1354 Meinekii

225 1386 472 1434 sententia
509 1387 626 1447 post
663 1402 711 1433 v.
739 1386 805 1433 97
840 1382 1065 1434 Convivii
1096 1385 1254 1432 Attici
1291 1385 1611 1434 inserendum
1643 1379 1777 1452 sit.2)
1840 1385 1910 1434 At

220 1483 283 1515 113
330 1467 417 1514 1113
465 1466 665 1528 quidem
702 1465 842 1514 locus
888 1466 1048 1513 ullum
1089 1466 1444 1514 detrimentum
1481 1465 1659 1515 fecisse
1696 1467 1910 1527 videtur,

233 1561 535 1609 quamquam
581 1547 786 1594 fuerunt
833 1546 918 1607 qui
965 1547 1118 1595 etiam
1156 1549 1271 1608 post
1314 1562 1516 1595 versum
1559 1549 1624 1595 99
1672 1548 1914 1595 nonnulla

223 1627 461 1676 excidisse
503 1620 947 1692 suspicarentur.3)
1016 1628 1193 1690 Itaque
1232 1628 1292 1676 fr.
1323 1627 1397 1674 IV
1435 1643 1631 1690 quoque
1671 1628 1734 1676 ad
1773 1628 1911 1676 aliud

221 1709 469 1771 quoddam
518 1706 813 1758 Convivium
863 1708 1051 1757 referre
1105 1710 1343 1771 praestat.
1419 1709 1495 1755 Ex
1539 1709 1650 1757 aliis
1697 1709 1911 1772 denique

220 1789 440 1851 parodiis
481 1791 682 1852 sumpta
722 1791 838 1838 sunt
875 1789 935 1838 fr.
967 1789 1014 1836 V
1045 1792 1098 1838 et
1128 1789 1215 1850 VI,
1253 1804 1463 1850 quorum
1494 1789 1742 1850 posterius
1774 1789 1909 1838 haud

220 1870 483 1920 mediocris
501 1869 743 1919 momenti
767 1872 843 1919 est
867 1870 930 1918 ad
953 1870 1190 1932 parodiae
1213 1869 1475 1918 historiam
1499 1871 1909 1934 cognoscendam,

223 1965 336 1999 cum
382 1954 432 2000 et
478 1938 692 2013 parodos
733 1950 975 2013 quosdam
1011 1950 1064 1998 in
1103 1966 1160 2000 eo
1199 1950 1362 1998 Mati-o
1402 1950 1626 1999 nominet
1662 1953 1811 2013 paulo
1850 1956 1912 2000 ut

221 2031 420 2082 videtur
452 2047 504 2080 se
537 2034 705 2080 aetate
735 2031 927 2094 priores
960 2033 1011 2080 et
1043 2031 1329 2080 Cleonicum
1361 2031 1604 2093 quendam
1635 2031 1912 2082 insectetur

222 2112 569 2162 adversarium
607 2113 830 2175 artisque
870 2127 988 2161 suae
1027 2112 1292 2160 aemulum.

331 2192 406 2242 De
452 2194 651 2243 nomine
695 2192 861 2255 patria
907 2193 1074 2241 aetate
1120 2191 1364 2241 Matronis
1411 2190 1624 2240 dilucide
1671 2192 1910 2242 disseruit

221 2271 516 2323 Welandius
570 2275 601 2322 l.
649 2274 682 2324 l.
737 2291 786 2336 p.
831 2275 896 2323 31
933 2289 1039 2337 sqq.
1139 2272 1258 2322 Fuit
1309 2273 1474 2321 Matro
1527 2272 1710 2320 Pitana
1756 2275 1909 2324 natus

221 2353 436 2402 Aeolum
468 2369 527 2402 ex
558 2354 736 2416 oppido
767 2355 821 2403 in
843 2355 1010 2417 Mysia
1041 2354 1151 2403 sito,
1211 2352 1426 2402 Athenis
1459 2369 1572 2401 eum
1602 2353 1907 2415 aliquamdiu

223 2435 584 2482 commoratum
614 2434 784 2498 fuisse,
814 2449 914 2483 non
945 2435 1198 2496 expertem
1222 2434 1492 2483 communis
1518 2434 1622 2482 fere
1645 2437 1908 2496 poetarum

347 2597 390 2653 1)
412 2596 590 2642 Osanni
615 2595 883 2653 opinionem
908 2595 1062 2652 (Anal.
1081 2595 1182 2641 crit.
1200 2610 1243 2652 p.
1265 2601 1338 2653 74)
1362 2598 1554 2653 propter
1575 2596 1910 2641 similitudines

221 2661 330 2707 illas
373 2662 430 2706 de
473 2661 651 2720 duplici
682 2661 887 2718 quadam
919 2660 1130 2706 Convivii
1159 2662 1310 2707 Attici
1347 2662 1617 2707 recensione
1649 2661 1910 2719 cogitantis
2006 2631 2020 2666 'x

223 2728 502 2774 Welandius
532 2728 563 2774 1.
588 2728 619 2775 l.
651 2743 696 2786 p.
720 2731 779 2774 40
810 2728 948 2773 acute
978 2727 1216 2773 refutavit.
1908 2784 1910 2786 Ι

341 2796 387 2849 2)
417 2796 520 2840 Huc
551 2794 814 2840 Meinekius
844 2793 989 2838 refert
1020 2793 1164 2838 etiam
1194 2793 1511 2851 fragmentum
1541 2793 1771 2838 incertum
1802 2795 1836 2838 Ι.

342 2863 385 2917 3)
424 2860 728 2906 Paessensius
766 2861 959 2917 propter
995 2872 1158 2905 vocem
1197 2861 1340 2905 αὐτοῦ
1381 2862 1441 2918 (v.
1476 2862 1578 2918 100)
1621 2859 1719 2904 sine
1760 2859 1908 2904 dubio

224 2927 502 2983 corruptam.
