2038 3140
858 167 919 173 -—
1007 135 1107 187 138
1191 167 1252 172 —
1488 156 1891 193 AROHEsTRATvs

212 273 435 321 ordinem
476 273 518 321 si
555 289 654 322 non
692 276 883 322 certum
919 274 1080 335 plane,
1125 272 1337 321 fortasse
1376 276 1544 321 tamen
1581 275 1890 336 probabilem

212 369 455 416 sequerer,
489 355 706 402 numeris
738 354 1082 401 VIII—XVII
1113 353 1202 401 illa
1232 355 1583 416 comprehendi
1614 356 1894 417 fragmenta

213 452 339 497 quae
380 437 496 482 sunt
535 435 595 482 de
634 435 694 484 iis
734 436 952 497 piscibus
995 450 1204 497 quorum
1242 450 1332 483 nec
1369 451 1485 497 pars
1527 437 1693 498 aliqua
1733 437 1888 484 homi-

211 516 356 563 nibus
391 517 663 565 subtilioris
688 517 846 578 palati
871 516 1244 565 commendatur
1269 516 1356 564 sed
1382 516 1465 578 qui
1490 517 1585 565 toti
1609 516 1890 578 apponendi

212 597 325 662 sint,
364 613 453 645 nec
495 600 631 645 certa
672 598 916 659 quaedam
956 599 1071 645 sunt
1111 598 1344 658 capturae
1385 597 1465 646 vel
1499 612 1618 644 usus
1650 599 1891 658 tempora.

210 677 419 726 Numeri
442 678 859 727 XVIII—XXIII
883 693 965 726 eos
999 677 1409 738 complectuntur,
1443 693 1652 740 quorum
1684 680 1889 739 partes

210 759 467 821 eligendae
499 760 618 823 sint3
661 760 939 821 fragmento
967 759 1136 806 XXIII
1169 759 1382 806 adnexui
1421 759 1516 806 duo
1549 759 1607 807 fr.
1631 758 1796 806 XXIV
1819 774 1887 820 sq.

209 839 269 886 de
302 842 469 889 astaco
503 844 554 889 et
586 840 748 889 caride
774 857 830 888 eo
857 839 1045 888 scilicet
1067 839 1278 900 nomine,
1312 839 1440 901 quod
1463 839 1618 888 verba
1640 839 1699 887 fr.
1725 838 1890 884 XXIV

209 917 329 968 ἀλλὰ
367 919 536 986 παρεὶς
575 925 727 986 λῆρον
765 919 923 969 πολὺν
962 921 1178 969 fortasse
1216 920 1489 981 respiciunt
1527 920 1589 967 ad
1628 935 1888 967 excursum

207 1001 484 1064 longiorem
508 1003 778 1065 fragmenti
802 1001 971 1049 XXIII
995 990 1263 1067 (imprimis
1290 1001 1352 1048 ad
1375 1001 1530 1049 verba
1553 1003 1890 1064 μωρολογοῦσι

207 1097 252 1130 v.
283 1085 347 1130 18
390 1086 440 1131 et
477 1083 829 1148 πυθαγορίζειν
871 1100 914 1130 v.
943 1076 1051 1147 20).
1120 1082 1352 1129 Numeris
1393 1080 1888 1128 XXVI—XXXXIX

207 1166 489 1226 complexus
524 1181 607 1213 eas
640 1166 837 1227 eclogas
871 1163 1052 1225 quibus
1077 1165 1302 1226 tempora
1327 1162 1567 1225 quaedam
1593 1162 1710 1209 anni
1738 1161 1890 1223 signi-

207 1244 441 1306 ficantur,
497 1247 693 1295 servavi
746 1245 953 1294 aestatis
1009 1244 1237 1293 autumni
1290 1243 1468 1291 hiemis
1514 1242 1749 1291 ordinem.
1830 1242 1891 1290 In

207 1328 428 1374 extremo
477 1326 686 1388 denique
733 1327 841 1375 loco
890 1326 1036 1387 posui
1082 1342 1141 1373 ea
1185 1325 1490 1387 fragmenta,
1545 1323 1724 1386 quibus
1762 1323 1889 1372 varii

204 1407 365 1468 pisces
414 1410 464 1455 et
512 1407 771 1470 conchylia
816 1407 1108 1456 brevissime
1155 1407 1522 1453 enumerantur.
1611 1405 1750 1453 Intra
1796 1405 1886 1452 has

206 1487 340 1548 ipsas
387 1490 558 1550 partes
603 1491 774 1537 tamen
813 1488 1012 1536 exhibui
1058 1486 1319 1535 coniuncta
1360 1487 1402 1535 si
1441 1502 1567 1548 quae
1605 1486 1888 1549 fragmenta

207 1568 319 1617 aliis
359 1570 418 1617 de
460 1570 622 1618 causis
664 1585 816 1631 supra
855 1569 1089 1630 expositis
1130 1569 1260 1616 inter
1300 1583 1351 1615 se
1385 1566 1724 1629 coniungenda
1754 1566 1888 1615 vide·

205 1651 390 1697 rentur.
468 1651 702 1699 Fortasse
740 1651 935 1713 longior
974 1649 1079 1697 dies
1118 1649 1264 1711 plura
1302 1648 1526 1711 docebit3
1573 1648 1673 1696 tria
1718 1651 1886 1696 tamen

203 1730 305 1778 iam
341 1746 472 1779 nunc
510 1748 599 1792 pro
640 1735 774 1780 certo
815 1731 1066 1779 affirmare
1106 1731 1243 1778 licet:
1284 1730 1500 1792 primum
1541 1730 1646 1793 hoc,
1684 1731 1886 1791 poetam

205 1814 447 1874 quantum
470 1812 579 1860 fieri
599 1815 770 1874 posset
792 1812 953 1874 pisces
978 1827 1066 1873 per
1090 1826 1274 1874 genera
1298 1810 1630 1873 discripsisse3
1656 1809 1887 1871 alterum,

203 1907 303 1940 non
341 1893 620 1956 neglexisse
657 1893 801 1940 illum
839 1894 1121 1953 temporum
1159 1891 1423 1954 rationem,
1473 1890 1560 1939 sed
1597 1889 1884 1952 praemissis

203 1972 390 2022 talibus
438 1973 607 2035 qualia
658 1974 896 2036 leguntur
944 1971 1145 2034 Σειρίου
1193 1967 1505 2029 ἀντέλλοντος
1552 1964 1636 2037 (fr.
1677 1963 1885 2036 XXVI),

203 2048 352 2115 ἡνίκα
399 2048 444 2101 δ’
497 2051 559 2101 ἂν
607 2052 844 2111 δύνοντος
891 2050 943 2100 ἐν
992 2050 1190 2121 οὐρανῷ
1230 2046 1469 2116 Ὠρίωνος
1524 2045 1609 2118 (fr.
1647 2044 1882 2117 XXXVI)

203 2135 533 2196 complurium
572 2134 783 2196 piscium
823 2134 1182 2196 expositionem
1230 2132 1449 2181 eiusdem
1489 2132 1605 2180 anni
1643 2132 1882 2195 temporis

203 2216 661 2264 commemorationi
692 2215 974 2264 subiecisse.
1037 2215 1353 2264 Postremum
1385 2215 1543 2262 solere
1574 2216 1776 2276 poetam
1805 2229 1883 2262 ex-

201 2297 302 2345 itus
333 2297 554 2360 partium
587 2296 819 2345 carminis
851 2296 1092 2358 insignire
1129 2295 1418 2343 excursibus
1451 2295 1533 2344 vel
1564 2294 1881 2356 apostrophis

207 2377 504 2438 quibusdam
533 2378 669 2426 haud
701 2379 807 2426 sine
829 2378 998 2440 lepore
1031 2377 1082 2425 et
1113 2376 1377 2424 dicacitate
1406 2375 1704 2437 compositis,
1743 2375 1883 2424 velut

200 2457 261 2504 fr.
302 2457 472 2504 XXIII
510 2458 569 2506 de
607 2457 670 2506 iis
709 2458 795 2519 qui
832 2458 1076 2506 maiorum
1116 2456 1328 2518 piscium
1365 2458 1421 2504 ut
1460 2453 1881 2519 ἀνθρωποφάγων

201 2552 400 2586 carnem
423 2538 760 2600 reformident,
787 2553 882 2600 quo
907 2538 1014 2586 loco
1037 2537 1222 2586 transit
1245 2537 1310 2585 ad
1335 2551 1549 2597 cancrOS,
1572 2535 1631 2584 fr.
1649 2535 1880 2582 XXXXV

201 2620 261 2666 de
287 2618 611 2682 Syracusanis
643 2621 693 2667 et
715 2617 932 2666 Italiotis
963 2618 1118 2666 bonos
1148 2618 1308 2680 pisces
1341 2632 1482 2667 caseo
1521 2618 1660 2664 aceto
1702 2615 1879 2677 silphio

199 2699 661 2762 pessumdantibus,
707 2698 794 2746 ubi
833 2702 1070 2746 secuntur
1108 2697 1308 2762 σελάχη,
1346 2697 1408 2748 fr.
1446 2695 1585 2756 LVI,
1623 2695 1674 2743 in
1714 2711 1810 2759 quo
1850 2711 1880 2744 a

200 2776 432 2842 κηρύκων
476 2779 779 2828 marinorum
827 2779 1163 2827 exsecratione
1209 2778 1463 2841 profectus
1508 2777 1558 2825 in
1596 2775 1879 2839 Agathonis

201 2858 347 2906 amici
398 2860 598 2908 laudem
653 2859 756 2908 exit
807 2858 964 2922 ipsius
1018 2859 1289 2921 praeconis.
1385 2857 1520 2916 Quae
1576 2858 1880 2920 apostropha

198 2941 363 2987 totum
415 2940 626 3002 piscium
679 2939 963 3002 catalogum
1016 2939 1216 2988 videtur
1269 2938 1600 3002 conclusisse,
1663 2952 1775 2986 cum
1828 2941 1879 2988 et
