2038 3140
0 3011 8 3140 r-v-—v-u
0 2776 10 3004 -vrv—-u-q-r—-Vvv

780 103 1180 155 —223—

263 245 306 285 p.
342 234 395 272 72
429 245 470 272 v.
504 235 530 272 3
562 231 670 285 post
704 230 778 275 ‘L.
811 230 864 275 D.
899 231 963 275 VI
995 232 1047 275 3’
1092 231 1212 275 adde
1254 231 1423 286 ‘(idem
1454 232 1612 275 tamen
1646 231 1822 276 dictum

141 294 337 338 Isocrati
367 294 535 338 tribuit
565 295 691 339 Theo
724 310 855 353 prog.
891 302 916 341 ὃ
949 312 992 352 p.
1030 303 1129 353 100,
1167 303 1218 342 14
1237 312 1303 353 sq.
1338 298 1471 355 Sp.)’.

260 375 305 416 p.
341 366 394 404 76
434 376 476 404 v.
510 366 535 404 2
556 375 622 416 sq,
657 362 858 406 scribas:
903 364 1053 407 ‘nunc
1093 366 1403 420 exposuerunt
1435 363 1820 410 Wilamowitzius

141 429 189 470 et
218 426 270 469 E.
304 427 531 470 Weberus
563 427 592 472 1.
620 442 653 472 s.
686 443 730 484 p.
760 435 840 473 162
861 444 943 485 sq.,
975 430 1262 485 colloquium
1294 429 1600 474 bellissimum
1635 432 1683 474 et
1714 445 1820 475 con-

144 492 361 546 citatum,
411 494 535 548 quod
573 494 696 538 inter
735 494 946 539 homines
987 498 1035 539 et
1072 495 1129 539 τὰ
1161 496 1421 553 Πράγματα
1459 496 1588 540 velut
1625 499 1821 551 Πενίαν,

142 558 323 615 Φυγήν,
365 563 521 616 Γῆρας
553 560 649 603 alia
679 560 871 617 fingitur
901 561 1135 616 habitum,
1181 577 1271 617 quo
1304 563 1650 606 demonstratur
1679 563 1820 619 plane

139 639 232 669 non
278 626 451 670 habere
502 626 609 670 illos
659 641 738 670 cur
777 628 1111 684 Paupertatem
1156 628 1339 684 reliqua
1378 628 1664 684 vituperent,
1711 643 1820 685 apo-

136 689 459 747 phthegmatis
492 693 616 737 eto.’.

256 773 300 813 p.
327 762 380 802 77
400 758 473 802 fin.
502 757 645 802 etiam
660 759 913 803 Homerum
938 774 965 803 a
982 761 1125 805 Bione
1151 759 1421 804 lacessitum
1439 774 1538 804 esse
1555 759 1819 817 nuperrime

138 822 307 866 statuit
337 823 566 867 Weberus
597 824 627 868 1.
662 839 696 868 s,
728 839 773 880 p.
809 830 890 869 181
926 826 1031 870 adn.

255 904 299 945 p.
337 895 391 934 78
434 890 538 933 adn.
575 896 596 933 1
640 890 782 934 adde:
836 891 1056 947 ‘denique
1098 892 1154 936 de
1196 906 1250 936 eo
1291 892 1391 948 egit
1433 891 1715 947 Wildenow,
1764 894 1816 937 (Ie

136 955 356 1012 Menippo
393 956 560 1014 Cynico
591 955 696 1000 Hal.
732 959 880 1002 1881'.

255 1037 300 1078 p.
334 1027 390 1066 80
423 1022 527 1065 adn.
565 1028 586 1066 1
630 1023 770 1067 adde:
814 1024 1038 1067 ‘ceterum
1070 1023 1126 1067 cf.
1160 1023 1476 1068 coniecturam
1508 1023 1564 1068 de
1596 1023 1683 1068 hoc
1714 1024 1817 1068 loco

134 1100 282 1144 nuper
311 1089 547 1144 prolatam
579 1102 607 1131 a
637 1087 877 1132 Knaackio
911 1088 1082 1145 (Herm.
1115 1089 1266 1133 XVIII
1295 1106 1340 1146 p.
1375 1090 1513 1146 149)’.

254 1169 298 1211 p.
319 1159 376 1198 80
409 1154 514 1198 adn.
534 1159 559 1197 2
586 1154 706 1198 adde
723 1154 773 1197 in
790 1154 901 1197 fine:
931 1154 997 1198 ‘in
1017 1155 1368 1211 Icaromenippo
1395 1169 1502 1200 vero
1520 1155 1817 1212 Menippeam

135 1219 341 1264 indolem
374 1234 426 1264 eo
460 1219 757 1276 conspicuam
789 1235 905 1276 esse,
937 1221 1062 1277 quod
1092 1221 1302 1265 versibus
1327 1221 1585 1265 interiectis
1610 1220 1818 1266 narratio

133 1285 240 1343 ipsa
271 1288 587 1341 continuetur,
625 1288 752 1331 recte
791 1287 1063 1332 observavit
1091 1287 1317 1332 Brunsius
1348 1288 1466 1333 Mus,
1492 1288 1640 1332 Rhen.
1671 1288 1818 1332 XLIII

136 1366 182 1408 p.
219 1357 317 1407 192,
350 1352 431 1395 ubi
464 1352 578 1407 quid
611 1351 799 1396 omnino
833 1367 889 1397 ex
918 1353 1139 1411 Menippo
1178 1354 1228 1397 in
1257 1355 1347 1398 hoc
1378 1353 1566 1410 dialogo
1597 1354 1817 1398 haustum

135 1417 199 1462 sit
231 1417 493 1462 accuratius
526 1418 775 1475 explanare
810 1419 1024 1464 studuit’.

252 1499 296 1540 p,
331 1489 386 1528 82
419 1484 524 1528 adn.
560 1490 582 1528 1
615 1484 754 1541 plane
788 1484 927 1529 aliter
965 1485 1022 1529 de
1063 1485 1135 1529 his
1167 1485 1378 1542 Menippi
1419 1485 1605 1543 scriptis
1647 1485 1816 1529 statuit

133 1549 366 1594 Usenerus
399 1551 634 1607 Epicurea
662 1567 707 1608 p.
733 1550 899 1605 LXIX,
941 1550 1070 1595 cuius
1101 1552 1245 1600 verba
1276 1555 1350 1596 sat
1381 1551 1527 1608 digna
1558 1552 1667 1595 sunt
1696 1564 1816 1607 quae

134 1615 399 1660 accuratius
427 1617 795 1672 perpendantur:
830 1618 939 1660 sunt
960 1630 1068 1660 vero
1093 1619 1229 1662 haec:
1258 1617 1444 1662 ‘mutila
1465 1617 1629 1662 tabula
1652 1616 1815 1674 (scrip-

134 1684 290 1727 torum
321 1682 531 1739 Menippi
570 1683 695 1739 apud
733 1681 973 1726 Laertium
1003 1682 1066 1726 VI
1100 1686 1223 1740 101),
1262 1683 1460 1727 fortasse
1500 1682 1645 1727 etiam
1682 1683 1816 1726 hiatu

136 1748 401 1794 deformata
442 1750 549 1792 ante
596 1748 712 1806 πρὸς
749 1750 881 1804 τοὺς,
928 1763 1018 1805 quo
1065 1749 1221 1806 potuit
1267 1751 1316 1793 et
1351 1748 1551 1793 aliorum
1589 1748 1815 1792 librorum

133 1814 360 1860 memoria
391 1817 439 1858 et
471 1813 646 1871 ἔγραψε
679 1813 730 1859 δὲ
763 1814 844 1859 καὶ
874 1814 1175 1859 intercidere:
1209 1815 1297 1859 hoc
1330 1814 1454 1858 enim
1485 1815 1624 1859 verbo
1658 1827 1815 1858 carere

135 1882 374 1937 nequeunt
388 1880 643 1924 accusativi
659 1880 801 1938 γονὰς
818 1883 866 1925 et
880 1880 1086 1937 εἰκάδας,
1103 1881 1195 1925 nisi
1206 1881 1509 1938 neglegentia
1520 1880 1818 1925 librariorum

133 1947 311 1992 factum
351 1961 453 1991 esse
495 1947 795 1994 statuerimus
835 1949 889 1992 ut
927 1948 987 1992 ad
1023 1948 1138 2005 πρὸς
1169 1947 1567 2005 praepositionem
1605 1948 1655 1992 hi
1686 1946 1817 1990 tituli

134 2013 246 2058 olim
298 2012 450 2071 primo
491 2028 601 2058 casu
645 2013 791 2071 positi
836 2013 1038 2070 pessime
1084 2014 1377 2058 referrentur.
1447 2013 1628 2057 duabus
1668 2012 1817 2070 igitur

134 2077 304 2124 saturis
327 2078 575 2136 Menippus
601 2079 849 2136 Epicureos
883 2080 981 2124 sale
1003 2079 1138 2136 nigro
1161 2079 1419 2136 perfricuit.
1453 2081 1501 2124 et
1529 2093 1586 2123 ea
1608 2078 1812 2134 quidem,

66 2148 70 2152 '
134 2144 211 2190 cui
244 2144 392 2189 Γοναὶ
416 2142 700 2202 Ἐπικούρου
737 2158 909 2188 nomen
939 2146 1060 2200 erat,
1101 2147 1362 2190 atomorum
1401 2144 1663 2189 doctrinam
1693 2158 1813 2188 mor-

134 2211 381 2256 dacissime
411 2210 706 2268 perstrinxit:
747 2210 986 2267 profectus
1019 2224 1048 2254 a
1075 2210 1266 2254 Neoclis
1297 2210 1456 2255 fratris
1488 2209 1614 2254 dicto
1645 2210 1699 2255 fr.
1728 2215 1813 2255 178

134 2277 262 2334 quod
302 2276 556 2333 Epicurum
595 2289 689 2320 non
723 2275 957 2333 puduerat
993 2276 1246 2322 memoriae
1284 2276 1509 2321 mandare
1547 2277 1605 2320 de
1644 2275 1812 2321 atomis

134 2342 395 2400 quomodo
434 2342 485 2386 in
516 2342 871 2399 Chaerestratae
909 2341 1073 2387 matris
1110 2344 1243 2387 utero
1275 2343 1562 2387 coaluissent
1590 2342 1645 2386 ut
1674 2344 1813 2387 homo

135 2408 342 2454 omnium
382 2408 756 2465 sapientissimus
800 2409 1099 2465 formaretur,
1138 2409 1496 2467 philosophatus
1543 2411 1634 2454 est:
1681 2409 1813 2454 cuius

133 2474 464 2533 disputationis
507 2474 674 2519 saltem
711 2475 924 2519 umbram
966 2476 1203 2532 quandam
1237 2475 1488 2532 Dionysius
1520 2474 1713 2520 Eusebii
1740 2489 1811 2532 pr.

133 2556 200 2587 ev.
233 2541 341 2586 XIV
382 2547 460 2596 26,
500 2546 525 2584 2
546 2555 612 2597 sq.
651 2556 696 2597 p,
731 2546 855 2585 7798,
894 2555 1079 2586 servare
1118 2541 1317 2586 videtur.
1395 2541 1589 2586 alterius
1627 2541 1812 2586 saturae

133 2608 460 2665 argumentum
491 2608 625 2651 erant
651 2605 796 2651 feriae
821 2606 1068 2653 sollemnes
1091 2607 1424 2665 Epicureorum
1448 2606 1651 2658 Εἰκάᾶες
1680 2606 1809 2651 nullo

130 2687 228 2718 non
272 2686 430 2717 mense
471 2672 737 2717 celebratae
777 2673 827 2716 et
866 2672 925 2716 ab
956 2672 1158 2730 Epicuro
1195 2673 1299 2730 ipso
1338 2673 1628 2718 institutae’.
1690 2685 1812 2729 quae

133 2739 366 2796 sagaciter
397 2738 665 2796 excogitata
696 2751 811 2793 esse,
843 2739 1075 2783 mehercle
1104 2753 1198 2784 non
1226 2751 1364 2795 nego,
1394 2751 1558 2784 vereor
1586 2740 1640 2783 ut
1661 2739 1809 2783 recte:

132 2806 294 2848 manet
317 2804 486 2849 saltem
510 2806 563 2848 ut
587 2803 682 2848 alia
706 2802 890 2849 mittam
916 2803 1158 2861 scrupulus
1177 2802 1483 2859 gravissimus
1499 2803 1581 2860 qui
1596 2802 1721 2848 idem
1735 2817 1810 2848 me

130 2869 281 2915 movit
303 2872 472 2928 (neque
495 2883 605 2915 vero
628 2868 760 2914 verbi
785 2868 927 2926 γονάς
948 2883 1167 2915 numerus
1189 2868 1385 2926 pluralis
1409 2868 1562 2927 quode
1577 2868 1810 2914 Usenerus

132 2935 364 2995 cogitavit
392 2936 423 2982 1.
458 2950 493 2982 s.
525 2936 631 2982 adn.
667 2938 725 2994 1),
762 2938 816 2981 ut
849 2934 1133 2994 Ἐπικούρου
1163 2934 1306 2994 γονάς
1335 2934 1670 2992 interpretarer
1692 2936 1809 2995 Epi-
