2038 3140
900 140 961 146 -
1042 108 1113 161 64
1194 139 1256 146 —
1661 126 1923 162 MATRoms

236 239 613 310 παμμεγέθης·
653 241 754 308 τὴν
795 238 848 292 δ’
888 240 954 293 οὔ
994 259 1053 293 κε
1094 238 1180 291 δύ’
1221 239 1411 310 ἀνέρες
1449 239 1780 309 ἀθλητῆρες,

239 322 346 382 οἷοι
386 327 471 398 ἄρ’
513 327 813 393 Ἀστυάναξ
852 347 909 381 τε
948 326 1038 381 καὶ
1072 325 1350 396 Ἀντήνωρ
1391 325 1673 396 ἐγένοντο,

239 418 465 485 ῥηιδίως
505 415 586 470 ἐπ’
626 417 835 485 ἄμαξαν
875 414 965 469 ἀπ’
1006 416 1200 478 οὔδεος
1241 416 1574 485 ὀχλίσσειαν·

184 506 197 516 ‘
237 509 601 575 τρισπίθαμοι
638 507 743 575 γὰρ
783 507 878 557 ταί
910 525 973 573 γε
1011 503 1103 557 καὶ
1142 505 1499 573 ἐννεαπήχεες
1535 501 1677 573 ἦσαν

150 610 206 647 45
241 590 427 662 εὖρος,
468 594 601 663 ἀτὰρ
643 595 811 663 μῆκός
849 613 911 662 γε
950 593 1228 661 γενέσθην
1268 593 1626 662 ἐννεόργυιοι.

238 684 413 735 πολλὰ
446 681 497 734 δ’
529 683 738 735 ἄναντα
769 682 1008 735 κάταντα
1039 683 1175 735 κατὰ
1208 684 1394 751 στίχας
1423 678 1553 750 ἦλθ’
1585 681 1614 735 ὁ
1648 682 1922 751 μάγειρος,

239 773 404 825 σείων
445 771 769 841 ὀψοφόρους
806 772 1039 833 πίνακας
1077 772 1214 823 κατὰ
1254 769 1435 834 δεξιὸν
1475 766 1643 838 ὦμον.

238 866 311 932 τῷ
355 858 403 912 δ’
444 860 554 928 ἅμα
593 859 1000 929 τεσσαράκοντα
1040 858 1294 927 μέλαιναι
1331 859 1525 929 χύτραι
1563 857 1785 911 ἕποντο·

241 949 413 1018 αὐτὰρ
456 945 547 1000 ἀπ’
587 948 832 1016 Εὐβοίης
871 947 1106 1009 λοπάδες
1143 949 1301 1000 τόσαι
1340 946 1681 1016 ἐστιχόωντο.

151 1050 208 1090 50
232 1029 364 1103 Ἶρις
404 1034 454 1089 δ’
494 1038 725 1104 ἄγγελος
763 1032 902 1103 ἦλθε
940 1036 1254 1105 ποδήνεμος
1294 1034 1434 1089 ὠκέα
1471 1037 1687 1102 τευθίς,

241 1124 412 1195 πέρκη
452 1122 498 1177 τ’
538 1125 884 1193 ἀνθεσίχρως
922 1121 1014 1176 καὶ
1054 1123 1083 1176 ὁ
1124 1125 1417 1192 δημοτικὸς
1455 1124 1819 1193 μελάνουρος,

240 1213 299 1276 ὃς
337 1212 428 1265 καὶ
467 1213 676 1280 θνητὸς
716 1212 823 1264 ἐὼν
863 1208 1005 1264 ἕπετ’
1045 1211 1272 1280 ἰχθύσιν
1312 1211 1693 1264 ἀθανάτοισιν.

732 1422 932 1456 ΗΟΜΕΒΙ
969 1422 1200 1456 DETORTI
1236 1421 1430 1457 VERSVS

239 1508 294 1546 41
315 1517 414 1558 sqq.
772 1502 853 1547 τὸν
886 1501 931 1546 δ’
961 1503 1016 1547 οὔ
1049 1519 1101 1547 κε
1134 1502 1210 1547 δύ’
1240 1501 1378 1560 ἀνέρε
1410 1502 1560 1560 δήμου
1594 1505 1763 1560 ἀρίστω

447 1565 637 1626 ρηιδίως
669 1564 744 1612 ἐπ’
774 1568 960 1625 άμαξαν
993 1567 1076 1612 ἀπ’
1106 1569 1270 1620 οὔδεος
1301 1569 1583 1626 ὀχλίσσειαν,

449 1633 540 1679 οἷοι
572 1641 658 1679 νῦν
692 1636 853 1693 βροτοί
879 1633 983 1679 εἰσ’·
1010 1635 1034 1678 ὃ
1067 1634 1121 1679 δέ
1152 1653 1232 1692 μιν
1263 1631 1355 1679 κτὲ.
1387 1639 1550 1680 Μ447
1571 1651 1670 1692 sqq.

450 1702 504 1745 οὐ
537 1700 623 1758 γάρ
649 1717 747 1746 που
779 1703 933 1752 τοίους
965 1703 1068 1746 ἴδον
1101 1700 1272 1758 ἀνέρας
1304 1700 1414 1746 οὐδὲ
1447 1703 1639 1759 ἴδωμαι,

449 1766 549 1812 οἷον
582 1767 842 1826 Πειρίθοόν
873 1784 922 1812 τε
955 1767 1179 1826 Δρύαντά
1209 1784 1258 1812 τε
1292 1763 1383 1813 κτέ.
1416 1773 1451 1812 Α
1470 1773 1556 1812 262
1575 1783 1641 1824 sq.

271 1839 329 1878 44
347 1848 414 1890 sq.
448 1830 667 1892 ἐννέωροι
697 1834 785 1891 γὰρ
817 1836 894 1878 τοί
920 1851 971 1891 γε
1003 1834 1086 1878 καὶ
1117 1830 1427 1891 ἐννεαπήχεες
1456 1829 1577 1890 ’ἦσαν

448 1897 602 1957 εὖρος,
634 1899 752 1958 ἀτὰρ
785 1899 930 1957 μῆκός
960 1916 1011 1957 γε
1042 1898 1275 1957 γενέσθην
1307 1896 1595 1957 ἐννεόργυιοι
1625 1904 1650 1944 λ
1668 1906 1751 1946 311
1773 1915 1841 1957 sq.

270 1972 326 2011 46
345 1980 413 2022 sq.
445 1966 591 2010 πολλὰ
605 1964 651 2010 δ’
665 1966 848 2010 ἄναντα
861 1965 1069 2011 κάταντα
1080 1965 1299 2023 πάραντά
1311 1983 1359 2010 τε
1374 1965 1544 2023 δόχμιά
1557 1965 1599 2010 τ’
1613 1961 1764 2022 ἦλθον
1783 1970 1861 2012 ΨΙ
1870 1973 1922 2012 16

448 2031 698 2089 ἀγχίμολόν
731 2029 792 2090 ῥά
824 2030 873 2077 οἷ
899 2026 1017 2088 ἦλθε
1049 2031 1170 2076 κατὰ
1203 2032 1391 2088 στίχας*
1422 2035 1473 2076 Π
1493 2039 1579 2078 820

1213 2093 1361 2154 ἦλθεν
1389 2097 1606 2155 Ἀχιλλεὺς

448 2167 584 2209 σείων
617 2163 836 2221 Πηλιάδα
867 2167 1028 2222 μελίην
1060 2164 1181 2209 κατὰ
1212 2165 1367 2219 δεξιὸν
1399 2161 1525 2222 ὦμον
1556 2169 1605 2209 X
1617 2171 1713 2221 131,
1735 2171 1818 2211 133

448 2228 578 2275 οἷκον
611 2227 658 2282 ἐς
687 2229 970 2288 ὑψόροφον*
1004 2247 1025 2275 ε
1049 2235 1105 2274 42
1124 2231 1181 2274 al.
1273 2239 1442 2289 κρειῶν
1473 2233 1710 2283 πίνακας*
1740 2237 1846 2278 π49

358 2301 415 2342 48
447 2300 509 2356 τῷ
541 2294 588 2340 δ’
619 2295 717 2354 ἅμα
747 2295 1096 2354 τεσσαράκοντα
1126 2296 1343 2354 μέλαιναι
1373 2304 1483 2354 νῆες
1514 2296 1681 2343 ἕποντο
1714 2303 1749 2342 Β
1767 2303 1853 2344 545

358 2368 414 2407 49
446 2368 543 2414 τοῖς
574 2361 626 2407 δὲ
658 2362 910 2419 τριήκοντα
939 2363 1178 2421 γλαφυραὶ
1206 2362 1308 2415 νέες
1340 2360 1610 2421 ἐστιχόωντο
1643 2368 1678 2408 Β
1697 2368 1782 2409 516

361 2433 417 2472 50
453 2428 634 2485 Τρωσὶν
665 2427 711 2473 δ’
740 2429 932 2486 ἄγγελος
960 2424 1079 2486 ἦλθε
1109 2429 1372 2487 ποδήνεμος
1404 2429 1528 2474 ὠκέα
1552 2425 1661 2487 Ἶρις
1692 2434 1727 2473 Β
1748 2436 1831 2476 786

361 2499 415 2538 52
450 2492 500 2546 ὃς
530 2494 611 2538 καὶ
641 2496 818 2551 θνητὸς
850 2491 939 2539 ἐὼν
972 2493 1110 2540 ἕπεθ’
1140 2497 1299 2548 ἰ”πποις
1330 2495 1614 2541 ἀθανάτοισι
1646 2500 1695 2540 Π
1712 2500 1795 2540 154

803 2706 1056 2741 VARIETAS
1094 2707 1191 2742 LEO
1197 2707 1365 2742 '1¹10le

359 2792 415 2832 41
448 2786 533 2843 τὴν
565 2785 611 2831 δ’
640 2785 827 2844 scripsi:
865 2787 951 2845 τὴν
981 2788 1171 2844 Kaibel,
1209 2786 1268 2844 ἣν
1299 2789 1396 2833 Ao
1537 2793 1595 2833 46
1626 2786 1788 2846 στέγας
1816 2789 1921 2846 ΑΟ,

242 2865 358 2897 corr.
390 2852 620 2910 Scaliger,
661 2851 818 2911 στέγος
849 2853 1148 2899 casaubonus
1299 2859 1356 2899 49
1397 2849 1471 2898 ἐπ’
1505 2853 1696 2914 εὕβοιαν
1727 2855 1792 2910 A,
1833 2851 1916 2900 ἀπ’

242 2918 428 2978 εὐβοιάς
461 2918 507 2974 0,
539 2919 716 2964 correxi
