<?xml version="1.0" encoding="UTF-8"?>
<!DOCTYPE html PUBLIC "-//W3C//DTD XHTML 1.0 Transitional//EN"
    "http://www.w3.org/TR/xhtml1/DTD/xhtml1-transitional.dtd">
<html xmlns="http://www.w3.org/1999/xhtml" xml:lang="en" lang="en">
 <head>
  <title>
</title>
<meta http-equiv="Content-Type" content="text/html;charset=utf-8" />
  <meta name='ocr-system' content='tesseract 3.04.00' />
  <meta name='ocr-capabilities' content='ocr_page ocr_carea ocr_par ocr_line ocrx_word'/>
</head>
<body>
  <div class='ocr_page' id='page_1' title='image "./corpusculumpoesi01lipsuoft_0194.png"; bbox 0 0 2038 3140; ppageno 0'>
   <div class='ocr_carea' id='block_1_1' title="bbox 823 111 1859 164">
    <p class='ocr_par' dir='ltr' id='par_1_1' title="bbox 823 111 1859 164">
     <span class='ocr_line' id='line_1_1' title="bbox 823 111 1859 164; baseline -0.002 0"><span class='ocrx_word' id='word_1_1' title='bbox 823 142 884 148; x_wconf 93' lang='lat'>—</span> <span class='ocrx_word' id='word_1_2' title='bbox 970 111 1075 164; x_wconf 79' lang='grc'>180</span> <span class='ocrx_word' id='word_1_3' title='bbox 1158 140 1217 147; x_wconf 90' lang='lat'>--</span> <span class='ocrx_word' id='word_1_4' title='bbox 1352 129 1635 162; x_wconf 81' lang='lat' dir='ltr'>ARCHESTR.</span> <span class='ocrx_word' id='word_1_5' title='bbox 1670 130 1859 162; x_wconf 81' lang='lat' dir='ltr'><strong>HEDYP.</strong></span> 
     </span>
    </p>
   </div>
   <div class='ocr_carea' id='block_1_2' title="bbox 135 239 1877 2487">
    <p class='ocr_par' dir='ltr' id='par_1_2' title="bbox 135 239 1871 1281">
     <span class='ocr_line' id='line_1_2' title="bbox 171 239 1859 315; baseline -0.001 -17"><span class='ocrx_word' id='word_1_6' title='bbox 171 247 367 315; x_wconf 83' lang='grc' dir='ltr'><em>μεγέθει</em></span> <span class='ocrx_word' id='word_1_7' title='bbox 407 249 619 298; x_wconf 91' lang='grc' dir='ltr'><em>πίσυνον</em></span> <span class='ocrx_word' id='word_1_8' title='bbox 660 248 767 295; x_wconf 91' lang='grc' dir='ltr'><em>τίνα</em></span> <span class='ocrx_word' id='word_1_9' title='bbox 806 246 965 295; x_wconf 73' lang='grc' dir='ltr'><em>τοῖσδε</em></span> <span class='ocrx_word' id='word_1_10' title='bbox 1005 244 1171 303; x_wconf 81' lang='grc' dir='ltr'><em>τόποις</em></span> <span class='ocrx_word' id='word_1_11' title='bbox 1194 239 1267 311; x_wconf 71' lang='grc' dir='ltr'>(Ρ)</span> <span class='ocrx_word' id='word_1_12' title='bbox 1304 245 1309 304; x_wconf 98' lang='grc' dir='ltr'>Ι</span> <span class='ocrx_word' id='word_1_13' title='bbox 1345 244 1451 308; x_wconf 74' lang='grc' dir='ltr'><em>ἥκει</em></span> <span class='ocrx_word' id='word_1_14' title='bbox 1490 246 1693 309; x_wconf 78' lang='grc' dir='ltr'><strong><em>κομίσας</em></strong></span> <span class='ocrx_word' id='word_1_15' title='bbox 1734 240 1859 310; x_wconf 89' lang='lat' dir='ltr'>(scil.</span> 
     </span>
     <span class='ocr_line' id='line_1_3' title="bbox 174 321 1861 396; baseline -0.003 -16"><span class='ocrx_word' id='word_1_16' title='bbox 174 327 199 380; x_wconf 83' lang='grc' dir='ltr'>ὅ</span> <span class='ocrx_word' id='word_1_17' title='bbox 243 324 518 396; x_wconf 80' lang='grc' dir='ltr'><em>μάγειρος);</em></span> <span class='ocrx_word' id='word_1_18' title='bbox 564 329 569 388; x_wconf 99' lang='grc' dir='ltr'>Ι</span> <span class='ocrx_word' id='word_1_19' title='bbox 611 327 829 393; x_wconf 75' lang='grc' dir='ltr'><em>γλαῦκόν</em></span> <span class='ocrx_word' id='word_1_20' title='bbox 868 322 960 374; x_wconf 74' lang='grc' dir='ltr'><em>τιν’</em></span> <span class='ocrx_word' id='word_1_21' title='bbox 998 323 1051 373; x_wconf 80' lang='grc' dir='ltr'><em>ἐν</em></span> <span class='ocrx_word' id='word_1_22' title='bbox 1090 324 1253 394; x_wconf 79' lang='grc' dir='ltr'><em>πόντῳ</em></span> <span class='ocrx_word' id='word_1_23' title='bbox 1293 321 1337 390; x_wconf 79' lang='grc' dir='ltr'>γ’</span> <span class='ocrx_word' id='word_1_24' title='bbox 1375 322 1558 388; x_wconf 78' lang='grc' dir='ltr'><em>ἁλόντ’,</em></span> <span class='ocrx_word' id='word_1_25' title='bbox 1593 326 1599 384; x_wconf 94' lang='grc'>1</span> <span class='ocrx_word' id='word_1_26' title='bbox 1634 355 1699 376; x_wconf 63' lang='lat' dir='ltr'>oo</span> <span class='ocrx_word' id='word_1_27' title='bbox 1738 322 1861 387; x_wconf 82' lang='grc' dir='ltr'><em>ὀψο-</em></span> 
     </span>
     <span class='ocr_line' id='line_1_4' title="bbox 175 400 1858 476; baseline -0.003 -17"><span class='ocrx_word' id='word_1_28' title='bbox 175 412 355 476; x_wconf 88' lang='grc' dir='ltr'><em>φάγων</em></span> <span class='ocrx_word' id='word_1_29' title='bbox 395 410 573 474; x_wconf 80' lang='grc' dir='ltr'><em>λίχνων</em></span> <span class='ocrx_word' id='word_1_30' title='bbox 612 404 652 456; x_wconf 83' lang='grc' dir='ltr'>τ’</span> <span class='ocrx_word' id='word_1_31' title='bbox 691 406 890 472; x_wconf 80' lang='grc' dir='ltr'><em>ἀνδρῶν</em></span> <span class='ocrx_word' id='word_1_32' title='bbox 933 403 938 471; x_wconf 91' lang='grc' dir='ltr'>Ι</span> <span class='ocrx_word' id='word_1_33' title='bbox 983 404 1220 471; x_wconf 79' lang='grc' dir='ltr'><em>ἀγάπημα</em></span> <span class='ocrx_word' id='word_1_34' title='bbox 1259 403 1472 470; x_wconf 84' lang='grc' dir='ltr'><em>φέροντα</em></span> <span class='ocrx_word' id='word_1_35' title='bbox 1509 402 1611 455; x_wconf 78' lang='grc' dir='ltr'><em>κατ’</em></span> <span class='ocrx_word' id='word_1_36' title='bbox 1650 405 1810 469; x_wconf 81' lang='grc' dir='ltr'><em>ὤμων.</em></span> <span class='ocrx_word' id='word_1_37' title='bbox 1854 400 1858 472; x_wconf 90' lang='grc' dir='ltr'>Ι</span> 
     </span>
     <span class='ocr_line' id='line_1_5' title="bbox 176 486 1864 559; baseline -0.004 -19"><span class='ocrx_word' id='word_1_38' title='bbox 176 493 284 540; x_wconf 86' lang='grc' dir='ltr'><em>τίνα</em></span> <span class='ocrx_word' id='word_1_39' title='bbox 323 487 438 559; x_wconf 79' lang='grc' dir='ltr'><em>τῷδ’</em></span> <span class='ocrx_word' id='word_1_40' title='bbox 485 487 639 538; x_wconf 84' lang='grc' dir='ltr'><strong><em>ἐνέπω</em></strong></span> <span class='ocrx_word' id='word_1_41' title='bbox 680 486 770 550; x_wconf 76' lang='grc' dir='ltr'><em>τὴν</em></span> <span class='ocrx_word' id='word_1_42' title='bbox 810 488 1098 546; x_wconf 79' lang='grc' dir='ltr'><em>σκευασίαν;</em></span> <span class='ocrx_word' id='word_1_43' title='bbox 1142 487 1150 548; x_wconf 98' lang='grc' dir='ltr'>Ι</span> <span class='ocrx_word' id='word_1_44' title='bbox 1191 486 1396 550; x_wconf 90' lang='grc' dir='ltr'><em>πότερον</em></span> <span class='ocrx_word' id='word_1_45' title='bbox 1435 490 1601 556; x_wconf 79' lang='grc' dir='ltr'><em>χλωρῷ</em></span> <span class='ocrx_word' id='word_1_46' title='bbox 1641 487 1864 550; x_wconf 78' lang='grc' dir='ltr'><em>τρίμματι</em></span> 
     </span>
     <span class='ocr_line' id='line_1_6' title="bbox 178 564 1864 638; baseline -0.003 -18"><span class='ocrx_word' id='word_1_47' title='bbox 178 570 351 637; x_wconf 76' lang='grc' dir='ltr'><em>βρέξας</em></span> <span class='ocrx_word' id='word_1_48' title='bbox 385 565 394 638; x_wconf 89' lang='grc' dir='ltr'>Ι</span> <span class='ocrx_word' id='word_1_49' title='bbox 428 568 460 635; x_wconf 76' lang='grc' dir='ltr'>ἢ</span> <span class='ocrx_word' id='word_1_50' title='bbox 493 578 577 634; x_wconf 77' lang='grc' dir='ltr'>τῆς</span> <span class='ocrx_word' id='word_1_51' title='bbox 605 568 775 635; x_wconf 79' lang='grc' dir='ltr'><em>ἀγρίας</em></span> <span class='ocrx_word' id='word_1_52' title='bbox 811 564 817 635; x_wconf 92' lang='grc' dir='ltr'>Ι</span> <span class='ocrx_word' id='word_1_53' title='bbox 853 568 1007 631; x_wconf 75' lang='grc' dir='ltr'><em>ἅλμης</em></span> <span class='ocrx_word' id='word_1_54' title='bbox 1038 568 1258 631; x_wconf 82' lang='grc' dir='ltr'><em>πάσμασι</em></span> <span class='ocrx_word' id='word_1_55' title='bbox 1290 575 1428 630; x_wconf 86' lang='grc' dir='ltr'><em>σῶμα</em></span> <span class='ocrx_word' id='word_1_56' title='bbox 1459 568 1667 627; x_wconf 82' lang='grc' dir='ltr'><em>λιπάνας</em></span> <span class='ocrx_word' id='word_1_57' title='bbox 1703 570 1709 632; x_wconf 91' lang='grc' dir='ltr'>Ι</span> <span class='ocrx_word' id='word_1_58' title='bbox 1742 565 1864 631; x_wconf 84' lang='grc' dir='ltr'><em>πυρὶ</em></span> 
     </span>
     <span class='ocr_line' id='line_1_7' title="bbox 176 645 1863 721; baseline -0.002 -20"><span class='ocrx_word' id='word_1_59' title='bbox 176 650 473 721; x_wconf 77' lang='grc' dir='ltr'><em>παμφλέκτῳ</em></span> <span class='ocrx_word' id='word_1_60' title='bbox 505 649 810 715; x_wconf 79' lang='grc' dir='ltr'><em>παραδώσω;</em></span> <span class='ocrx_word' id='word_1_61' title='bbox 846 645 854 716; x_wconf 91' lang='grc' dir='ltr'>Ι</span> <span class='ocrx_word' id='word_1_62' title='bbox 889 647 986 711; x_wconf 72' lang='grc' dir='ltr'><em>ἔφα</em></span> <span class='ocrx_word' id='word_1_63' title='bbox 1017 667 1104 711; x_wconf 88' lang='grc' dir='ltr'><em>τις,</em></span> <span class='ocrx_word' id='word_1_64' title='bbox 1144 645 1210 706; x_wconf 79' lang='grc' dir='ltr'>ὡς</span> <span class='ocrx_word' id='word_1_65' title='bbox 1241 646 1294 696; x_wconf 80' lang='grc' dir='ltr'><em>ἐν</em></span> <span class='ocrx_word' id='word_1_66' title='bbox 1326 647 1453 717; x_wconf 75' lang='grc' dir='ltr'><em>ἅλμῃ</em></span> <span class='ocrx_word' id='word_1_67' title='bbox 1489 648 1495 710; x_wconf 97' lang='grc' dir='ltr'>Ι</span> <span class='ocrx_word' id='word_1_68' title='bbox 1530 653 1689 716; x_wconf 79' lang='grc' dir='ltr'><em>θερμῇ</em></span> <span class='ocrx_word' id='word_1_69' title='bbox 1722 655 1863 698; x_wconf 81' lang='grc' dir='ltr'><em>τοῦτο</em></span> 
     </span>
     <span class='ocr_line' id='line_1_8' title="bbox 178 724 1865 799; baseline -0.003 -17"><span class='ocrx_word' id='word_1_70' title='bbox 178 734 331 799; x_wconf 90' lang='grc' dir='ltr'><em>φάγοι</em></span> <span class='ocrx_word' id='word_1_71' title='bbox 379 729 423 797; x_wconf 82' lang='grc' dir='ltr'>γ’</span> <span class='ocrx_word' id='word_1_72' title='bbox 469 730 632 795; x_wconf 75' lang='grc' dir='ltr'><em>ἑφθὸν</em></span> <span class='ocrx_word' id='word_1_73' title='bbox 679 728 807 795; x_wconf 80' lang='grc' dir='ltr'><em>ἀνὴρ</em></span> <span class='ocrx_word' id='word_1_74' title='bbox 851 724 855 796; x_wconf 90' lang='grc' dir='ltr'>Ι</span> <span class='ocrx_word' id='word_1_75' title='bbox 898 729 1142 793; x_wconf 85' lang='grc' dir='ltr'><em>Μοσχίων</em></span> <span class='ocrx_word' id='word_1_76' title='bbox 1189 730 1439 792; x_wconf 83' lang='grc' dir='ltr'><em>φίλαυλος.</em></span> <span class='ocrx_word' id='word_1_77' title='bbox 1531 731 1714 779; x_wconf 88' lang='lat' dir='ltr'>Totum</span> <span class='ocrx_word' id='word_1_78' title='bbox 1761 731 1865 778; x_wconf 83' lang='lat' dir='ltr'>fere</span> 
     </span>
     <span class='ocr_line' id='line_1_9' title="bbox 177 811 1864 877; baseline -0.003 -14"><span class='ocrx_word' id='word_1_79' title='bbox 177 815 420 877; x_wconf 80' lang='lat' dir='ltr'>adscripsi</span> <span class='ocrx_word' id='word_1_80' title='bbox 459 815 796 877; x_wconf 70' lang='lat' dir='ltr'><strong>fragmentum</strong></span> <span class='ocrx_word' id='word_1_81' title='bbox 836 827 931 875; x_wconf 90' lang='lat' dir='ltr'>quo</span> <span class='ocrx_word' id='word_1_82' title='bbox 970 811 1167 859; x_wconf 85' lang='lat' dir='ltr'><strong>facilius</strong></span> <span class='ocrx_word' id='word_1_83' title='bbox 1203 811 1352 859; x_wconf 88' lang='lat' dir='ltr'>huius</span> <span class='ocrx_word' id='word_1_84' title='bbox 1387 811 1572 871; x_wconf 86' lang='lat' dir='ltr'>comici,</span> <span class='ocrx_word' id='word_1_85' title='bbox 1611 811 1864 872; x_wconf 74' lang='lat' dir='ltr'>Euripidis</span> 
     </span>
     <span class='ocr_line' id='line_1_10' title="bbox 179 886 1866 959; baseline -0.002 -15"><span class='ocrx_word' id='word_1_86' title='bbox 179 896 368 959; x_wconf 82' lang='lat' dir='ltr'>parodi,</span> <span class='ocrx_word' id='word_1_87' title='bbox 402 897 453 943; x_wconf 92' lang='lat' dir='ltr'>et</span> <span class='ocrx_word' id='word_1_88' title='bbox 484 893 799 942; x_wconf 89' lang='lat' dir='ltr'>Archestrati</span> <span class='ocrx_word' id='word_1_89' title='bbox 833 891 1182 941; x_wconf 87' lang='lat' dir='ltr'>similitudines</span> <span class='ocrx_word' id='word_1_90' title='bbox 1216 894 1644 955; x_wconf 72' lang='lat' dir='ltr'>cognoscerentur.</span> <span class='ocrx_word' id='word_1_91' title='bbox 1706 887 1775 940; x_wconf 89' lang='lat' dir='ltr'>V.</span> <span class='ocrx_word' id='word_1_92' title='bbox 1810 886 1866 940; x_wconf 78' lang='grc'>2.</span> 
     </span>
     <span class='ocr_line' id='line_1_11' title="bbox 135 967 1869 1040; baseline -0.005 -12"><span class='ocrx_word' id='word_1_93' title='bbox 135 967 142 975; x_wconf 62' lang='grc'><strong>’</strong></span> <span class='ocrx_word' id='word_1_94' title='bbox 182 979 257 1027; x_wconf 92' lang='lat' dir='ltr'>De</span> <span class='ocrx_word' id='word_1_95' title='bbox 297 979 543 1040; x_wconf 85' lang='lat' dir='ltr'>scriptura</span> <span class='ocrx_word' id='word_1_96' title='bbox 582 973 958 1036; x_wconf 84' lang='lat' dir='ltr'>corruptissima</span> <span class='ocrx_word' id='word_1_97' title='bbox 997 970 1331 1038; x_wconf 79' lang='grc' dir='ltr'><em>ἐκτεναγιστῆς</em></span> <span class='ocrx_word' id='word_1_98' title='bbox 1371 974 1578 1035; x_wconf 85' lang='lat' dir='ltr'>despero</span> <span class='ocrx_word' id='word_1_99' title='bbox 1610 973 1707 1021; x_wconf 87' lang='lat' dir='ltr'>nisi</span> <span class='ocrx_word' id='word_1_100' title='bbox 1739 973 1869 1021; x_wconf 85' lang='lat' dir='ltr'>forte</span> 
     </span>
     <span class='ocr_line' id='line_1_12' title="bbox 181 1049 1871 1120; baseline -0.004 -13"><span class='ocrx_word' id='word_1_101' title='bbox 181 1060 280 1107; x_wconf 86' lang='lat' dir='ltr'>fuit</span> <span class='ocrx_word' id='word_1_102' title='bbox 328 1060 523 1120; x_wconf 83' lang='grc' dir='ltr'><em>σεμνοῖς</em></span> <span class='ocrx_word' id='word_1_103' title='bbox 574 1095 626 1103; x_wconf 95' lang='grc'>..</span> <span class='ocrx_word' id='word_1_104' title='bbox 677 1053 729 1102; x_wconf 82' lang='grc' dir='ltr'><em>ἐν</em></span> <span class='ocrx_word' id='word_1_105' title='bbox 783 1053 1063 1118; x_wconf 91' lang='grc' dir='ltr'><em>τενάγεσσιν</em></span> <span class='ocrx_word' id='word_1_106' title='bbox 1117 1057 1174 1101; x_wconf 91' lang='lat' dir='ltr'>ut</span> <span class='ocrx_word' id='word_1_107' title='bbox 1231 1069 1382 1115; x_wconf 85' lang='lat' dir='ltr'>supra</span> <span class='ocrx_word' id='word_1_108' title='bbox 1434 1053 1532 1100; x_wconf 90' lang='lat' dir='ltr'>XII</span> <span class='ocrx_word' id='word_1_109' title='bbox 1587 1054 1616 1101; x_wconf 88' lang='lat'><strong>3</strong></span> <span class='ocrx_word' id='word_1_110' title='bbox 1672 1049 1871 1116; x_wconf 80' lang='grc' dir='ltr'><em>θρέμμα</em></span> 
     </span>
     <span class='ocr_line' id='line_1_13' title="bbox 184 1133 1870 1198; baseline -0.004 -11"><span class='ocrx_word' id='word_1_111' title='bbox 184 1142 510 1194; x_wconf 83' lang='grc' dir='ltr'><em>Σελινοῦντος</em></span> <span class='ocrx_word' id='word_1_112' title='bbox 567 1141 778 1198; x_wconf 75' lang='grc' dir='ltr'><em>σεμνοῦε</em></span> <span class='ocrx_word' id='word_1_113' title='bbox 841 1135 1216 1183; x_wconf 86' lang='lat' dir='ltr'>commendatur</span> <span class='ocrx_word' id='word_1_114' title='bbox 1269 1133 1418 1194; x_wconf 88' lang='lat' dir='ltr'>piscis</span> <span class='ocrx_word' id='word_1_115' title='bbox 1483 1133 1621 1181; x_wconf 88' lang='lat' dir='ltr'>illinc</span> <span class='ocrx_word' id='word_1_116' title='bbox 1681 1136 1870 1195; x_wconf 84' lang='lat' dir='ltr'>captus,</span> 
     </span>
     <span class='ocr_line' id='line_1_14' title="bbox 183 1213 1870 1281; baseline -0.003 -14"><span class='ocrx_word' id='word_1_117' title='bbox 183 1218 585 1281; x_wconf 78' lang='lat' dir='ltr'>quandoquidem</span> <span class='ocrx_word' id='word_1_118' title='bbox 623 1217 712 1263; x_wconf 87' lang='lat' dir='ltr'>illa</span> <span class='ocrx_word' id='word_1_119' title='bbox 749 1214 925 1280; x_wconf 83' lang='grc' dir='ltr'><em>τενάγη</em></span> <span class='ocrx_word' id='word_1_120' title='bbox 967 1217 1108 1263; x_wconf 87' lang='lat' dir='ltr'>erant</span> <span class='ocrx_word' id='word_1_121' title='bbox 1148 1213 1317 1277; x_wconf 86' lang='grc' dir='ltr'><em>σεμνά,</em></span> <span class='ocrx_word' id='word_1_122' title='bbox 1357 1215 1436 1263; x_wconf 88' lang='lat' dir='ltr'>dei</span> <span class='ocrx_word' id='word_1_123' title='bbox 1473 1215 1634 1263; x_wconf 86' lang='lat' dir='ltr'>tutela</span> <span class='ocrx_word' id='word_1_124' title='bbox 1663 1215 1870 1263; x_wconf 87' lang='lat' dir='ltr'>munita.</span> 
     </span>
    </p>

    <p class='ocr_par' dir='ltr' id='par_1_3' title="bbox 296 1298 1027 1358">
     <span class='ocr_line' id='line_1_15' title="bbox 296 1298 1027 1358; baseline -0.004 -12"><span class='ocrx_word' id='word_1_125' title='bbox 296 1299 414 1346; x_wconf 86' lang='lat' dir='ltr'>XXI</span> <span class='ocrx_word' id='word_1_126' title='bbox 469 1298 596 1345; x_wconf 89' lang='lat' dir='ltr'>Vide</span> <span class='ocrx_word' id='word_1_127' title='bbox 637 1313 788 1358; x_wconf 90' lang='lat' dir='ltr'>supra</span> <span class='ocrx_word' id='word_1_128' title='bbox 826 1314 873 1358; x_wconf 89' lang='lat' dir='ltr'>p.</span> <span class='ocrx_word' id='word_1_129' title='bbox 909 1298 1027 1345; x_wconf 89' lang='lat'><strong>133.</strong></span> 
     </span>
    </p>

    <p class='ocr_par' dir='ltr' id='par_1_4' title="bbox 186 1374 1877 2487">
     <span class='ocr_line' id='line_1_16' title="bbox 295 1374 1871 1440; baseline -0.002 -13"><span class='ocrx_word' id='word_1_130' title='bbox 295 1380 440 1427; x_wconf 87' lang='lat' dir='ltr'>XXII</span> <span class='ocrx_word' id='word_1_131' title='bbox 494 1378 593 1427; x_wconf 80' lang='lat' dir='ltr'>Ofr.</span> <span class='ocrx_word' id='word_1_132' title='bbox 633 1377 753 1426; x_wconf 91' lang='lat' dir='ltr'>Ath.</span> <span class='ocrx_word' id='word_1_133' title='bbox 793 1377 918 1424; x_wconf 91' lang='lat' dir='ltr'>VIII</span> <span class='ocrx_word' id='word_1_134' title='bbox 965 1379 1067 1426; x_wconf 89' lang='lat'>331</span> <span class='ocrx_word' id='word_1_135' title='bbox 1090 1393 1145 1425; x_wconf 89' lang='lat' dir='ltr'>c:</span> <span class='ocrx_word' id='word_1_136' title='bbox 1200 1374 1321 1424; x_wconf 80' lang='grc' dir='ltr'><em>ἀλλὰ</em></span> <span class='ocrx_word' id='word_1_137' title='bbox 1366 1375 1464 1440; x_wconf 81' lang='grc' dir='ltr'><em>μήν</em></span> <span class='ocrx_word' id='word_1_138' title='bbox 1505 1412 1551 1424; x_wconf 95' lang='grc'>..</span> <span class='ocrx_word' id='word_1_139' title='bbox 1591 1375 1871 1439; x_wconf 82' lang='grc' dir='ltr'><em>παρελίπετε</em></span> 
     </span>
     <span class='ocr_line' id='line_1_17' title="bbox 186 1452 1872 1524; baseline -0.002 -16"><span class='ocrx_word' id='word_1_140' title='bbox 186 1460 302 1518; x_wconf 82' lang='grc' dir='ltr'><em>τούς</em></span> <span class='ocrx_word' id='word_1_141' title='bbox 347 1477 396 1508; x_wconf 86' lang='grc' dir='ltr'>τε</span> <span class='ocrx_word' id='word_1_142' title='bbox 443 1455 734 1522; x_wconf 76' lang='grc' dir='ltr'><em>ὀρυκτοὺς</em></span> <span class='ocrx_word' id='word_1_143' title='bbox 789 1456 969 1521; x_wconf 82' lang='grc' dir='ltr'><em>ἰχθύας</em></span> <span class='ocrx_word' id='word_1_144' title='bbox 1013 1453 1373 1520; x_wconf 75' lang='grc' dir='ltr'><em>καλουμένους,</em></span> <span class='ocrx_word' id='word_1_145' title='bbox 1428 1457 1477 1506; x_wconf 81' lang='grc' dir='ltr'><em>οἳ</em></span> <span class='ocrx_word' id='word_1_146' title='bbox 1520 1454 1572 1505; x_wconf 82' lang='grc' dir='ltr'><em>ἐν</em></span> <span class='ocrx_word' id='word_1_147' title='bbox 1611 1452 1872 1524; x_wconf 66' lang='grc' dir='ltr'><em>“Ηρακλεία</em></span> 
     </span>
     <span class='ocr_line' id='line_1_18' title="bbox 186 1535 1872 1607; baseline -0.003 -17"><span class='ocrx_word' id='word_1_148' title='bbox 186 1542 440 1607; x_wconf 88' lang='grc' dir='ltr'><em>γίγνονται</em></span> <span class='ocrx_word' id='word_1_149' title='bbox 493 1537 575 1587; x_wconf 78' lang='grc' dir='ltr'><em>καὶ</em></span> <span class='ocrx_word' id='word_1_150' title='bbox 627 1537 759 1602; x_wconf 86' lang='grc' dir='ltr'><em>περὶ</em></span> <span class='ocrx_word' id='word_1_151' title='bbox 818 1538 957 1586; x_wconf 91' lang='grc' dir='ltr'><em>Τίον</em></span> <span class='ocrx_word' id='word_1_152' title='bbox 1015 1544 1116 1587; x_wconf 84' lang='grc' dir='ltr'><em>τοῦ</em></span> <span class='ocrx_word' id='word_1_153' title='bbox 1171 1536 1407 1587; x_wconf 88' lang='grc' dir='ltr'><em>Πόντου</em></span> <span class='ocrx_word' id='word_1_154' title='bbox 1462 1535 1552 1599; x_wconf 81' lang='grc' dir='ltr'><em>τὴν</em></span> <span class='ocrx_word' id='word_1_155' title='bbox 1606 1537 1872 1599; x_wconf 82' lang='grc' dir='ltr'><em>Μιλησίων</em></span> 
     </span>
     <span class='ocr_line' id='line_1_19' title="bbox 189 1611 1872 1684; baseline -0.002 -13"><span class='ocrx_word' id='word_1_156' title='bbox 189 1621 442 1684; x_wconf 80' lang='grc' dir='ltr'><em>ἀποικίαν,</em></span> <span class='ocrx_word' id='word_1_157' title='bbox 483 1620 792 1684; x_wconf 80' lang='grc' dir='ltr'><em>ἱστοροῦντος</em></span> <span class='ocrx_word' id='word_1_158' title='bbox 823 1617 932 1684; x_wconf 85' lang='grc' dir='ltr'><em>περὶ</em></span> <span class='ocrx_word' id='word_1_159' title='bbox 963 1617 1126 1667; x_wconf 78' lang='grc' dir='ltr'><em>αὐτῶν</em></span> <span class='ocrx_word' id='word_1_160' title='bbox 1159 1617 1476 1683; x_wconf 88' lang='grc' dir='ltr'><em>Θεοφράστου</em></span> <span class='ocrx_word' id='word_1_161' title='bbox 1511 1611 1596 1684; x_wconf 85' lang='lat' dir='ltr'>(fr.</span> <span class='ocrx_word' id='word_1_162' title='bbox 1624 1621 1724 1666; x_wconf 82' lang='lat'>171</span> <span class='ocrx_word' id='word_1_163' title='bbox 1753 1611 1872 1684; x_wconf 88' lang='lat' dir='ltr'>W..)</span> 
     </span>
     <span class='ocr_line' id='line_1_20' title="bbox 194 1699 1874 1762; baseline -0.002 -11"><span class='ocrx_word' id='word_1_164' title='bbox 194 1704 291 1761; x_wconf 84' lang='lat' dir='ltr'>Qui</span> <span class='ocrx_word' id='word_1_165' title='bbox 322 1704 458 1751; x_wconf 89' lang='lat' dir='ltr'>locus</span> <span class='ocrx_word' id='word_1_166' title='bbox 485 1700 776 1749; x_wconf 83' lang='lat' dir='ltr'>Casaubono</span> <span class='ocrx_word' id='word_1_167' title='bbox 809 1701 872 1748; x_wconf 88' lang='lat' dir='ltr'>ad</span> <span class='ocrx_word' id='word_1_168' title='bbox 903 1701 1063 1762; x_wconf 86' lang='lat' dir='ltr'>pisces</span> <span class='ocrx_word' id='word_1_169' title='bbox 1094 1699 1292 1748; x_wconf 88' lang='lat' dir='ltr'>fossiles</span> <span class='ocrx_word' id='word_1_170' title='bbox 1323 1699 1572 1762; x_wconf 82' lang='lat' dir='ltr'>pertinere</span> <span class='ocrx_word' id='word_1_171' title='bbox 1596 1700 1874 1760; x_wconf 88' lang='lat' dir='ltr'>videbatur,</span> 
     </span>
     <span class='ocr_line' id='line_1_21' title="bbox 187 1764 1873 1846; baseline -0.002 -14"><span class='ocrx_word' id='word_1_172' title='bbox 187 1784 250 1832; x_wconf 92' lang='lat' dir='ltr'>de</span> <span class='ocrx_word' id='word_1_173' title='bbox 290 1784 470 1846; x_wconf 86' lang='lat' dir='ltr'>quibus</span> <span class='ocrx_word' id='word_1_174' title='bbox 502 1782 662 1829; x_wconf 87' lang='lat' dir='ltr'>multa</span> <span class='ocrx_word' id='word_1_175' title='bbox 693 1781 825 1843; x_wconf 89' lang='lat' dir='ltr'>apud</span> <span class='ocrx_word' id='word_1_176' title='bbox 857 1784 1052 1830; x_wconf 85' lang='lat' dir='ltr'>veteres</span> <span class='ocrx_word' id='word_1_177' title='bbox 1083 1782 1219 1829; x_wconf 87' lang='lat' dir='ltr'>fama</span> <span class='ocrx_word' id='word_1_178' title='bbox 1251 1783 1328 1829; x_wconf 91' lang='lat' dir='ltr'>est</span> <span class='ocrx_word' id='word_1_179' title='bbox 1358 1779 1472 1828; x_wconf 91' lang='lat' dir='ltr'>inde</span> <span class='ocrx_word' id='word_1_180' title='bbox 1503 1764 1566 1828; x_wconf 64' lang='lat' dir='ltr'>ab</span> <span class='ocrx_word' id='word_1_181' title='bbox 1598 1779 1873 1829; x_wconf 73' lang='lat' dir='ltr'>Aristotele</span> 
     </span>
     <span class='ocr_line' id='line_1_22' title="bbox 190 1861 1873 1924; baseline -0.002 -12"><span class='ocrx_word' id='word_1_182' title='bbox 190 1865 250 1912; x_wconf 87' lang='lat' dir='ltr'>de</span> <span class='ocrx_word' id='word_1_183' title='bbox 289 1864 460 1912; x_wconf 85' lang='lat' dir='ltr'>mirac.</span> <span class='ocrx_word' id='word_1_184' title='bbox 484 1863 596 1910; x_wconf 88' lang='lat' dir='ltr'>aud.</span> <span class='ocrx_word' id='word_1_185' title='bbox 626 1864 691 1910; x_wconf 82' lang='lat'>73</span> <span class='ocrx_word' id='word_1_186' title='bbox 712 1877 799 1924; x_wconf 65' lang='lat' dir='ltr'>sq„</span> <span class='ocrx_word' id='word_1_187' title='bbox 839 1863 924 1923; x_wconf 90' lang='lat' dir='ltr'>qui</span> <span class='ocrx_word' id='word_1_188' title='bbox 961 1862 1126 1911; x_wconf 87' lang='lat' dir='ltr'>nescio</span> <span class='ocrx_word' id='word_1_189' title='bbox 1166 1877 1230 1909; x_wconf 86' lang='lat' dir='ltr'>an</span> <span class='ocrx_word' id='word_1_190' title='bbox 1269 1877 1330 1909; x_wconf 87' lang='lat' dir='ltr'>ex</span> <span class='ocrx_word' id='word_1_191' title='bbox 1361 1861 1696 1922; x_wconf 85' lang='lat' dir='ltr'>Theophrasti</span> <span class='ocrx_word' id='word_1_192' title='bbox 1733 1861 1873 1908; x_wconf 86' lang='lat' dir='ltr'>testi-</span> 
     </span>
     <span class='ocr_line' id='line_1_23' title="bbox 188 1941 1873 2004; baseline -0.002 -12"><span class='ocrx_word' id='word_1_193' title='bbox 188 1944 354 1992; x_wconf 88' lang='lat' dir='ltr'>monio</span> <span class='ocrx_word' id='word_1_194' title='bbox 380 1943 715 1991; x_wconf 85' lang='lat' dir='ltr'>emendandus</span> <span class='ocrx_word' id='word_1_195' title='bbox 741 1941 820 1990; x_wconf 90' lang='lat' dir='ltr'>sit.</span> <span class='ocrx_word' id='word_1_196' title='bbox 869 1941 1080 2004; x_wconf 85' lang='lat' dir='ltr'>Legitur</span> <span class='ocrx_word' id='word_1_197' title='bbox 1104 1941 1234 1989; x_wconf 88' lang='lat' dir='ltr'>enim</span> <span class='ocrx_word' id='word_1_198' title='bbox 1260 1941 1394 2002; x_wconf 88' lang='lat' dir='ltr'>apud</span> <span class='ocrx_word' id='word_1_199' title='bbox 1418 1941 1744 1990; x_wconf 85' lang='lat' dir='ltr'>Aristotelem</span> <span class='ocrx_word' id='word_1_200' title='bbox 1769 1941 1800 1989; x_wconf 93' lang='lat' dir='ltr'>l.</span> <span class='ocrx_word' id='word_1_201' title='bbox 1818 1942 1873 1989; x_wconf 87' lang='lat' dir='ltr'>l.:</span> 
     </span>
     <span class='ocr_line' id='line_1_24' title="bbox 191 2015 1874 2090; baseline -0.002 -18"><span class='ocrx_word' id='word_1_202' title='bbox 191 2021 245 2072; x_wconf 79' lang='grc' dir='ltr'><em>ἐν</em></span> <span class='ocrx_word' id='word_1_203' title='bbox 276 2019 540 2090; x_wconf 66' lang='grc' dir='ltr'><em>“Ηρακλεία</em></span> <span class='ocrx_word' id='word_1_204' title='bbox 580 2018 633 2070; x_wconf 83' lang='grc' dir='ltr'>δὲ</span> <span class='ocrx_word' id='word_1_205' title='bbox 670 2027 726 2088; x_wconf 78' lang='grc' dir='ltr'>τῇ</span> <span class='ocrx_word' id='word_1_206' title='bbox 768 2019 820 2069; x_wconf 80' lang='grc' dir='ltr'><em>ἐν</em></span> <span class='ocrx_word' id='word_1_207' title='bbox 851 2024 917 2090; x_wconf 81' lang='grc' dir='ltr'>τῷ</span> <span class='ocrx_word' id='word_1_208' title='bbox 949 2020 1127 2090; x_wconf 79' lang='grc' dir='ltr'><em>Πόντῳ</em></span> <span class='ocrx_word' id='word_1_209' title='bbox 1158 2019 1240 2069; x_wconf 79' lang='grc' dir='ltr'><em>καὶ</em></span> <span class='ocrx_word' id='word_1_210' title='bbox 1273 2019 1325 2069; x_wconf 83' lang='grc' dir='ltr'><em>ἕν</em></span> <span class='ocrx_word' id='word_1_211' title='bbox 1347 2016 1546 2090; x_wconf 80' lang='grc' dir='ltr'><em>Ῥηγίῳ</em></span> <span class='ocrx_word' id='word_1_212' title='bbox 1580 2015 1755 2087; x_wconf 75' lang='grc' dir='ltr'><em>(ρυγίω</em></span> <span class='ocrx_word' id='word_1_213' title='bbox 1780 2016 1874 2088; x_wconf 76' lang='lat' dir='ltr'>Na)</span> 
     </span>
     <span class='ocr_line' id='line_1_25' title="bbox 187 2099 1876 2169; baseline -0.001 -17"><span class='ocrx_word' id='word_1_214' title='bbox 187 2104 418 2169; x_wconf 88' lang='grc' dir='ltr'><em>γίνεσθαί</em></span> <span class='ocrx_word' id='word_1_215' title='bbox 456 2115 610 2165; x_wconf 92' lang='grc' dir='ltr'><em>φασιν</em></span> <span class='ocrx_word' id='word_1_216' title='bbox 650 2099 941 2166; x_wconf 78' lang='grc' dir='ltr'><em>ὀρυκτοὺς</em></span> <span class='ocrx_word' id='word_1_217' title='bbox 981 2101 1142 2166; x_wconf 83' lang='grc' dir='ltr'><em>ἰχθῦς,</em></span> <span class='ocrx_word' id='word_1_218' title='bbox 1179 2101 1383 2160; x_wconf 84' lang='grc' dir='ltr'><em>τούτους</em></span> <span class='ocrx_word' id='word_1_219' title='bbox 1423 2099 1476 2150; x_wconf 79' lang='grc' dir='ltr'>δὲ</span> <span class='ocrx_word' id='word_1_220' title='bbox 1513 2101 1716 2165; x_wconf 88' lang='grc' dir='ltr'><em>μάλιστα</em></span> <span class='ocrx_word' id='word_1_221' title='bbox 1754 2100 1876 2151; x_wconf 80' lang='grc' dir='ltr'><em>κατὰ</em></span> 
     </span>
     <span class='ocr_line' id='line_1_26' title="bbox 193 2180 1877 2247; baseline 0 -15"><span class='ocrx_word' id='word_1_222' title='bbox 193 2182 252 2232; x_wconf 83' lang='grc' dir='ltr'>τὰ</span> <span class='ocrx_word' id='word_1_223' title='bbox 291 2183 505 2247; x_wconf 87' lang='grc' dir='ltr'><em>ποτάμια</em></span> <span class='ocrx_word' id='word_1_224' title='bbox 542 2181 625 2231; x_wconf 83' lang='grc' dir='ltr'><em>καὶ</em></span> <span class='ocrx_word' id='word_1_225' title='bbox 662 2181 720 2230; x_wconf 83' lang='grc' dir='ltr'>τὰ</span> <span class='ocrx_word' id='word_1_226' title='bbox 752 2180 935 2247; x_wconf 76' lang='grc' dir='ltr'><em>ἔνυδρα</em></span> <span class='ocrx_word' id='word_1_227' title='bbox 967 2183 1128 2246; x_wconf 87' lang='grc' dir='ltr'><em>χωρία.</em></span> <span class='ocrx_word' id='word_1_228' title='bbox 1198 2182 1458 2232; x_wconf 87' lang='lat' dir='ltr'>Celebrius</span> <span class='ocrx_word' id='word_1_229' title='bbox 1489 2184 1668 2246; x_wconf 84' lang='lat' dir='ltr'>Rhegii</span> <span class='ocrx_word' id='word_1_230' title='bbox 1697 2199 1877 2233; x_wconf 88' lang='lat' dir='ltr'>nomen</span> 
     </span>
     <span class='ocr_line' id='line_1_27' title="bbox 190 2257 1877 2330; baseline -0.002 -18"><span class='ocrx_word' id='word_1_231' title='bbox 190 2265 271 2312; x_wconf 83' lang='lat' dir='ltr'>Tii</span> <span class='ocrx_word' id='word_1_232' title='bbox 309 2264 614 2313; x_wconf 88' lang='lat' dir='ltr'>mentionem</span> <span class='ocrx_word' id='word_1_233' title='bbox 653 2264 844 2326; x_wconf 86' lang='lat' dir='ltr'>expulit</span> <span class='ocrx_word' id='word_1_234' title='bbox 884 2257 1307 2330; x_wconf 83' lang='lat' dir='ltr'>([HE]PITION</span> <span class='ocrx_word' id='word_1_235' title='bbox 1333 2285 1402 2302; x_wconf 87' lang='lat'>==</span> <span class='ocrx_word' id='word_1_236' title='bbox 1437 2259 1760 2330; x_wconf 82' lang='lat' dir='ltr'>PHPION);</span> <span class='ocrx_word' id='word_1_237' title='bbox 1808 2266 1877 2312; x_wconf 88' lang='lat' dir='ltr'>le-</span> 
     </span>
     <span class='ocr_line' id='line_1_28' title="bbox 191 2342 1874 2413; baseline -0.001 -20"><span class='ocrx_word' id='word_1_238' title='bbox 191 2345 411 2408; x_wconf 82' lang='lat' dir='ltr'>gendum</span> <span class='ocrx_word' id='word_1_239' title='bbox 451 2348 528 2394; x_wconf 91' lang='lat' dir='ltr'>est</span> <span class='ocrx_word' id='word_1_240' title='bbox 565 2346 696 2407; x_wconf 85' lang='lat' dir='ltr'>apud</span> <span class='ocrx_word' id='word_1_241' title='bbox 736 2345 1062 2394; x_wconf 85' lang='lat' dir='ltr'>Aristotelem</span> <span class='ocrx_word' id='word_1_242' title='bbox 1101 2347 1190 2392; x_wconf 89' lang='lat' dir='ltr'>aut</span> <span class='ocrx_word' id='word_1_243' title='bbox 1227 2342 1338 2409; x_wconf 84' lang='grc' dir='ltr'><em>περὶ</em></span> <span class='ocrx_word' id='word_1_244' title='bbox 1381 2344 1498 2393; x_wconf 90' lang='grc' dir='ltr'><em>Τίον</em></span> <span class='ocrx_word' id='word_1_245' title='bbox 1536 2347 1625 2393; x_wconf 82' lang='lat' dir='ltr'>aut</span> <span class='ocrx_word' id='word_1_246' title='bbox 1663 2342 1716 2393; x_wconf 79' lang='grc' dir='ltr'><em>ἐν</em></span> <span class='ocrx_word' id='word_1_247' title='bbox 1753 2344 1874 2413; x_wconf 80' lang='grc' dir='ltr'><em>Τίῳ;</em></span> 
     </span>
     <span class='ocr_line' id='line_1_29' title="bbox 187 2425 645 2487; baseline 0.002 -15"><span class='ocrx_word' id='word_1_248' title='bbox 187 2425 315 2473; x_wconf 91' lang='lat' dir='ltr'>illud</span> <span class='ocrx_word' id='word_1_249' title='bbox 353 2426 645 2487; x_wconf 83' lang='lat' dir='ltr'>praeferam.</span> 
     </span>
    </p>
   </div>
   <div class='ocr_carea' id='block_1_3' title="bbox 192 2500 1877 2894">
    <p class='ocr_par' dir='ltr' id='par_1_5' title="bbox 192 2500 1877 2894">
     <span class='ocr_line' id='line_1_30' title="bbox 306 2500 1877 2568; baseline 0.001 -15"><span class='ocrx_word' id='word_1_250' title='bbox 306 2507 476 2554; x_wconf 91' lang='lat' dir='ltr'>XXIII</span> <span class='ocrx_word' id='word_1_251' title='bbox 523 2506 604 2553; x_wconf 87' lang='lat' dir='ltr'>Ad</span> <span class='ocrx_word' id='word_1_252' title='bbox 634 2516 688 2555; x_wconf 81' lang='lat' dir='ltr'>V.</span> <span class='ocrx_word' id='word_1_253' title='bbox 719 2500 748 2553; x_wconf 88' lang='lat' dir='ltr'><strong>l</strong></span> <span class='ocrx_word' id='word_1_254' title='bbox 783 2506 1084 2555; x_wconf 85' lang='lat' dir='ltr'>Ribbeckius</span> <span class='ocrx_word' id='word_1_255' title='bbox 1116 2508 1232 2568; x_wconf 86' lang='lat' dir='ltr'>apte</span> <span class='ocrx_word' id='word_1_256' title='bbox 1263 2506 1456 2554; x_wconf 87' lang='lat' dir='ltr'>confert</span> <span class='ocrx_word' id='word_1_257' title='bbox 1486 2505 1877 2554; x_wconf 88' lang='lat' dir='ltr'>Mnesimachum</span> 
     </span>
     <span class='ocr_line' id='line_1_31' title="bbox 192 2579 1875 2653; baseline -0.002 -17"><span class='ocrx_word' id='word_1_258' title='bbox 192 2604 270 2649; x_wconf 85' lang='lat' dir='ltr'>ap.</span> <span class='ocrx_word' id='word_1_259' title='bbox 311 2587 430 2636; x_wconf 89' lang='lat' dir='ltr'>Ath.</span> <span class='ocrx_word' id='word_1_260' title='bbox 472 2587 543 2634; x_wconf 92' lang='lat' dir='ltr'>IX</span> <span class='ocrx_word' id='word_1_261' title='bbox 582 2587 731 2636; x_wconf 86' lang='lat' dir='ltr'>403b</span> <span class='ocrx_word' id='word_1_262' title='bbox 772 2579 847 2653; x_wconf 76' lang='grc' dir='ltr'>(Π</span> <span class='ocrx_word' id='word_1_263' title='bbox 888 2589 994 2636; x_wconf 84' lang='grc'>438</span> <span class='ocrx_word' id='word_1_264' title='bbox 1036 2580 1199 2652; x_wconf 85' lang='lat' dir='ltr'>Kock)</span> <span class='ocrx_word' id='word_1_265' title='bbox 1242 2604 1287 2636; x_wconf 87' lang='lat' dir='ltr'>v.</span> <span class='ocrx_word' id='word_1_266' title='bbox 1326 2588 1417 2634; x_wconf 82' lang='lat'>36:</span> <span class='ocrx_word' id='word_1_267' title='bbox 1472 2582 1621 2644; x_wconf 82' lang='grc' dir='ltr'><em>κυνὸς</em></span> <span class='ocrx_word' id='word_1_268' title='bbox 1668 2582 1875 2649; x_wconf 85' lang='grc' dir='ltr'><em>ουραῖον</em></span> 
     </span>
     <span class='ocr_line' id='line_1_32' title="bbox 192 2661 1873 2732; baseline -0.001 -17"><span class='ocrx_word' id='word_1_269' title='bbox 192 2673 290 2715; x_wconf 80' lang='grc' dir='ltr'><em>τῶν</em></span> <span class='ocrx_word' id='word_1_270' title='bbox 336 2674 625 2732; x_wconf 84' lang='grc' dir='ltr'><em>καρχαριῶν.</em></span> <span class='ocrx_word' id='word_1_271' title='bbox 721 2661 790 2716; x_wconf 85' lang='lat' dir='ltr'>V.</span> <span class='ocrx_word' id='word_1_272' title='bbox 834 2662 864 2715; x_wconf 77' lang='grc'>’7</span> <span class='ocrx_word' id='word_1_273' title='bbox 914 2669 1100 2716; x_wconf 85' lang='lat' dir='ltr'>rectius</span> <span class='ocrx_word' id='word_1_274' title='bbox 1147 2668 1360 2715; x_wconf 86' lang='lat' dir='ltr'>fortasse</span> <span class='ocrx_word' id='word_1_275' title='bbox 1407 2665 1641 2715; x_wconf 85' lang='lat' dir='ltr'>scribitur</span> <span class='ocrx_word' id='word_1_276' title='bbox 1678 2665 1873 2724; x_wconf 79' lang='grc' dir='ltr'><em>κοίλοις.</em></span> 
     </span>
     <span class='ocr_line' id='line_1_33' title="bbox 192 2742 1875 2809; baseline -0.002 -13"><span class='ocrx_word' id='word_1_277' title='bbox 192 2743 262 2797; x_wconf 81' lang='lat' dir='ltr'>V.</span> <span class='ocrx_word' id='word_1_278' title='bbox 300 2742 394 2797; x_wconf 82' lang='lat'>14.</span> <span class='ocrx_word' id='word_1_279' title='bbox 452 2748 626 2796; x_wconf 85' lang='lat' dir='ltr'>Talem</span> <span class='ocrx_word' id='word_1_280' title='bbox 656 2748 906 2796; x_wconf 90' lang='lat' dir='ltr'>hominem</span> <span class='ocrx_word' id='word_1_281' title='bbox 935 2747 1127 2796; x_wconf 86' lang='lat' dir='ltr'>inducit</span> <span class='ocrx_word' id='word_1_282' title='bbox 1152 2746 1463 2809; x_wconf 84' lang='lat' dir='ltr'>Antiphanes</span> <span class='ocrx_word' id='word_1_283' title='bbox 1494 2743 1548 2794; x_wconf 79' lang='grc' dir='ltr'><em>ἐν</em></span> <span class='ocrx_word' id='word_1_284' title='bbox 1572 2745 1875 2794; x_wconf 85' lang='grc' dir='ltr'><em>Βουταλίωνι</em></span> 
     </span>
     <span class='ocr_line' id='line_1_34' title="bbox 196 2820 1874 2894; baseline -0.001 -19"><span class='ocrx_word' id='word_1_285' title='bbox 196 2821 338 2894; x_wconf 89' lang='lat' dir='ltr'>(Ath.</span> <span class='ocrx_word' id='word_1_286' title='bbox 370 2827 496 2876; x_wconf 89' lang='lat' dir='ltr'>VIII</span> <span class='ocrx_word' id='word_1_287' title='bbox 527 2830 632 2877; x_wconf 83' lang='lat'>358</span> <span class='ocrx_word' id='word_1_288' title='bbox 667 2849 737 2866; x_wconf 97' lang='lat'><strong><em>=</em></strong></span> <span class='ocrx_word' id='word_1_289' title='bbox 769 2827 820 2875; x_wconf 91' lang='lat' dir='ltr'>II</span> <span class='ocrx_word' id='word_1_290' title='bbox 853 2829 920 2876; x_wconf 87' lang='lat'><strong>38</strong></span> <span class='ocrx_word' id='word_1_291' title='bbox 955 2820 1119 2894; x_wconf 87' lang='lat' dir='ltr'>Kock)</span> <span class='ocrx_word' id='word_1_292' title='bbox 1159 2822 1240 2876; x_wconf 77' lang='lat' dir='ltr'>eex</span> <span class='ocrx_word' id='word_1_293' title='bbox 1271 2842 1393 2890; x_wconf 79' lang='lat' dir='ltr'>agro</span> <span class='ocrx_word' id='word_1_294' title='bbox 1423 2841 1584 2888; x_wconf 90' lang='lat' dir='ltr'>nuper</span> <span class='ocrx_word' id='word_1_295' title='bbox 1615 2826 1667 2873; x_wconf 88' lang='lat' dir='ltr'>in</span> <span class='ocrx_word' id='word_1_296' title='bbox 1697 2827 1874 2875; x_wconf 89' lang='lat' dir='ltr'>urbem</span> 
     </span>
    </p>
   </div>
   <div class='ocr_carea' id='block_1_4' title="bbox 193 2906 1875 2971">
    <p class='ocr_par' dir='ltr' id='par_1_6' title="bbox 193 2906 1875 2971">
     <span class='ocr_line' id='line_1_35' title="bbox 193 2906 1875 2971; baseline 0.001 -16"><span class='ocrx_word' id='word_1_297' title='bbox 193 2910 534 2957; x_wconf 82' lang='lat' dir='ltr'>transvectum</span> <span class='ocrx_word' id='word_1_298' title='bbox 552 2947 564 2970; x_wconf 91' lang='lat'>,</span> <span class='ocrx_word' id='word_1_299' title='bbox 627 2924 774 2971; x_wconf 89' lang='lat' dir='ltr'>quem</span> <span class='ocrx_word' id='word_1_300' title='bbox 831 2908 995 2957; x_wconf 85' lang='lat' dir='ltr'>nescio</span> <span class='ocrx_word' id='word_1_301' title='bbox 1049 2908 1160 2970; x_wconf 86' lang='lat' dir='ltr'>quis</span> <span class='ocrx_word' id='word_1_302' title='bbox 1223 2907 1376 2956; x_wconf 85' lang='lat' dir='ltr'>lautis</span> <span class='ocrx_word' id='word_1_303' title='bbox 1438 2906 1598 2969; x_wconf 86' lang='lat' dir='ltr'>epulis</span> <span class='ocrx_word' id='word_1_304' title='bbox 1650 2907 1875 2969; x_wconf 81' lang='lat' dir='ltr'>excipere</span> 
     </span>
    </p>
   </div>
  </div>
 </body>
</html>
