2038 3140
138 128 426 166 PHANAEVS
802 142 864 150 -
946 110 1015 165 59
1099 143 1162 151 -

137 248 336 297 illorum
374 251 639 312 poetarum
685 249 772 311 qui
814 247 1242 310 Chaerephontem
1280 249 1628 312 perstringunt
1667 265 1826 300 novae

137 329 417 377 comoediae
473 329 768 393 adsignandi
823 330 947 392 sint,
1009 330 1187 378 horum
1240 329 1463 391 ipsorum
1514 331 1825 393 temporibus

137 410 323 472 optime
362 411 614 472 convenit,
660 413 719 459 ut
757 410 990 458 carminis
1028 410 1271 458 Matronei
1312 411 1451 474 origo
1491 410 1619 460 circa
1659 412 1827 475 quarti

136 493 188 539 et
225 490 363 539 tertii
403 487 590 540 saeculi
630 491 896 540 confinium
933 494 1164 553 ponatur.

246 570 323 620 De
362 574 469 620 arte
509 572 743 634 parodica
780 572 1021 621 Matronis
1062 575 1212 635 atque
1255 572 1532 621 incredibili
1580 573 1682 621 fere
1723 587 1826 621 car-

133 652 324 700 minum
370 653 733 702 homericorum
782 653 1064 716 cognitione
1111 652 1209 714 ipsi
1253 652 1473 702 iudicent
1513 654 1725 702 lectores
1766 669 1827 702 ex

134 732 373 795 exemplis
413 734 676 783 homericis
716 749 845 796 quae
885 734 1257 782 accuratissime
1294 736 1498 783 enotata
1529 735 1823 797 subscripsi3

132 829 291 876 pauca
340 818 538 863 tantum
592 815 758 877 aptius
806 815 859 863 in
905 816 1262 864 commentario
1303 814 1472 862 afferri
1510 814 1824 864 videbantur.

131 895 529 959 Diligentissime
575 911 692 945 vero
739 895 999 958 inquisivi,
1047 896 1248 957 qualem
1284 895 1447 944 Matro
1500 896 1605 945 sive
1642 896 1826 958 legerit

131 975 406 1024 Homerum
437 976 542 1024 sive
573 977 814 1024 memoria
843 977 1077 1039 tenuerit,
1108 977 1239 1024 unde
1271 976 1334 1024 ad
1365 976 1526 1038 ipsam
1550 976 1825 1024 carminum

131 1056 497 1107 homericorum
519 1057 783 1105 historiam
806 1058 1029 1107 criticam
1051 1059 1271 1106 fructum
1295 1058 1513 1119 aliquem
1543 1056 1824 1106 redundare

131 1138 362 1187 arbitror.
424 1138 626 1187 Etenim
656 1153 746 1200 per
776 1141 975 1187 centum
1007 1138 1340 1201 quadraginta
1370 1139 1493 1186 duos
1524 1152 1700 1187 versus
1725 1153 1824 1187 non

131 1218 293 1267 minus
318 1218 662 1282 duodeviginti
683 1220 820 1268 locos
846 1218 1179 1269 animadverti
1200 1219 1297 1267 huc
1327 1219 1659 1282 pertinentes;
1698 1234 1821 1281 quos

131 1300 263 1349 locos
311 1315 410 1348 non
458 1299 618 1347 solum
663 1299 796 1347 inter
834 1316 1009 1349 versus
1049 1300 1258 1348 Homeri
1296 1299 1519 1348 detortos
1560 1300 1822 1348 latioribus

130 1381 415 1429 litterarum
455 1381 628 1442 spatiis
668 1381 919 1442 insignivi,
962 1381 1047 1428 sed
1087 1380 1241 1427 etiam
1271 1380 1324 1427 in
1356 1381 1710 1428 commentario
1742 1395 1820 1428 re-

130 1461 316 1510 censui.
372 1460 502 1510 Sunt
540 1463 710 1510 autem
748 1461 821 1509 hi:
856 1455 1071 1509 Ἀττικὸν
1108 1463 1327 1509 Δεῖπνον
1365 1478 1410 1509 v.
1438 1462 1486 1523 3,
1516 1463 1597 1529 12,
1625 1463 1708 1521 20,
1737 1462 1822 1524 28,

134 1545 218 1607 31,
257 1544 342 1606 54,
382 1545 467 1605 57,
509 1544 592 1603 60,
635 1543 718 1602 65,
754 1543 838 1605 68,
872 1544 956 1604 80,
991 1544 1075 1604 87,
1110 1542 1196 1606 88,
1229 1542 1313 1603 93,
1348 1541 1432 1602 95,
1469 1542 1595 1604 1163
1643 1541 1703 1590 fr.
1742 1540 1821 1588 III

126 1640 173 1672 v.
210 1625 257 1685 3,
296 1623 356 1671 fr.
395 1622 469 1670 VI
507 1639 552 1671 v.
589 1625 634 1673 1.

129 1787 275 1828 μαχος
314 1766 365 1815 ἒν
403 1774 465 1830 τῷ
504 1777 597 1815 τῶν
635 1772 954 1816 παντοδαπῶν
991 1773 1157 1815 πίνακι
1197 1769 1393 1827 γράφων
1434 1768 1579 1820 οὕτως
1620 1770 1820 1813 (δεῖπνα

129 1836 229 1882 ὅσοι
277 1835 513 1894 ἔγραψαν·
569 1839 823 1893 Χαιρεφῶν
861 1837 1174 1896 Κυρηβι’ωνι’.
1255 1834 1355 1880 εἷθ’
1401 1831 1507 1893 ἕξῆς
1543 1835 1630 1892 τὴν
1669 1834 1819 1892 ἀρχὴν

127 1902 392 1960 ὑπέθηκεν·
429 1899 614 1958 ’ἐπειδή
637 1919 716 1960 μοι
739 1901 959 1954 πολλάκις
983 1899 1260 1954 ἐπέστειλας.
1311 1903 1476 1959 στίχων
1507 1899 1648 1958 τοέ’),
1679 1901 1818 1945 valde

127 1982 292 2014 vereor
320 1983 379 2013 ne
404 1969 594 2014 libellus
619 1968 702 2013 ille
726 1968 999 2026 impostoris
1023 1968 1182 2013 nescio
1208 1967 1340 2012 cuius
1359 1981 1475 2024 opus
1500 1967 1644 2012 fuerit
1667 1967 1820 2012 famo-

128 2035 420 2080 sissimorum
448 2035 764 2093 parasitorum
793 2034 1063 2080 nominibus
1097 2034 1158 2079 ad
1190 2049 1275 2080 sua
1310 2033 1488 2092 scripta
1517 2033 1819 2079 nobilitanda

129 2101 382 2147 abutentis.
