2038 3140
112 146 190 178 ΕΒ.
224 145 639 191 xxxv11,xxxvn1
746 155 808 161 —
893 124 996 176 159
1080 155 1140 160 —

0 271 167 305 xxvm
202 255 292 310 καὶ
303 260 539 309 Σικελοῦ
552 257 772 309 θύννου
786 257 1031 325 τέμαχος,
1049 257 1211 323 <φίλε
1221 257 1432 324 Μόσχε,
1446 263 1646 323 φαγεῖν
1659 255 1797 324 χρὴ>
1816 277 1891 315 (52)

200 344 440 413 τμηθέν,
481 339 560 396 ὅτ’
598 344 658 397 ἐν
698 347 903 412 βίκοισι
942 344 1334 413 ταριχεύεσθαι
1374 345 1612 412 ἔμελλεν.

202 431 446 502 σαπέρδῃ
489 429 540 484 δ’
578 431 753 486 ἐνέπω
794 434 1006 485 κλαίειν
1047 433 1250 501 μακροί,
1292 436 1549 503 Ποντικῷ
1591 432 1738 503 ὄψῳ,

200 519 293 574 καὶ
331 530 446 583 τοῖς
483 529 670 574 κεῖνον
710 521 1051 573 ἐπαινοῦσιν.
1127 527 1332 589 παῦροι
1371 521 1475 589 γὰρ
1518 524 1703 572 ἴσασιν

145 625 170 664 5
204 608 548 678 ἀνθρώπων,
590 609 619 660 ὅ
659 627 711 660 τι
751 612 970 677 φαῦλον
1011 610 1118 677 ἔφυ
1158 606 1248 660 καὶ
1287 609 1489 661 κεδνὸν
1528 609 1742 676 ἔδεσμα.

199 696 335 749 ἀλλὰ
367 705 615 765 τριταῖον
648 698 792 765 ἔχειν
827 698 1108 765 σκόμβρον
1132 694 1265 765 πρὶν
1292 695 1345 758 ἐς
1370 695 1620 765 ἁλμυρὸν
1644 696 1799 763 ὕδωρ

199 784 389 838 ἐλθεῖν
430 783 723 854 ἀμφορέως
762 784 917 846 ἐντὸς
954 784 1088 836 νέου
1128 784 1470 853 ἡμιτάριχον.

202 872 271 926 ἂν
313 870 362 925 δ’
402 872 572 942 ἀφίκῃ
611 877 835 925 κλεινοῦ
874 875 1185 936 Βυζαντίου
1226 874 1303 935 εἰς
1341 875 1504 924 πόλιν
1544 871 1747 939 ἁγνήν,

202 961 412 1031 ὡραίου
452 961 594 1030 φάγε
637 980 731 1029 μοι
770 959 1000 1029 τέμαχος
1038 961 1229 1013 πάλιν·
1270 963 1384 1013 ἔστι
1422 962 1527 1030 γὰρ
1565 959 1771 1013 ἐσθλὸν

117 1066 170 1105 10
201 1047 293 1102 καὶ
332 1051 590 1118 μαλακόν.

440 1312 639 1345 ΗΟΜΕΒΙ
677 1311 744 1343 ΕΤ
783 1310 996 1344 HESIODI
1035 1310 1227 1346 VERSVS
1269 1310 1469 1345 SIMILES

114 1394 354 1438 XXXVIII
386 1399 414 1438 4
445 1401 619 1451 παῦροι
651 1391 704 1437 δέ
736 1389 779 1436 τ’
809 1393 996 1437 ἴσασιν*
1028 1392 1218 1437 Hesiod.
1245 1406 1317 1448 op.
1344 1397 1430 1436 824

447 1467 621 1516 παῦροι
652 1458 741 1515 γὰρ
769 1457 959 1514 Ἀχαιῶν
991 1454 1111 1514 ἦσαν
1144 1459 1297 1515 ὁμοῖοι
1328 1475 1353 1502 τ
1378 1462 1464 1502 240

391 1531 417 1570 6
449 1524 691 1581 θαλάσσης
722 1523 928 1582 ἁλμυρὸν
961 1523 1122 1582 ὕδωρ*
1156 1542 1187 1582 μ
1211 1530 1297 1569 236

797 1768 1110 1802 TESTIMONIA

225 1855 489 1903 XXXVIII
548 1855 667 1905 Ath.
699 1855 776 1903 III
821 1855 975 1904 116f:
1032 1850 1100 1903 Ἀ.
1140 1852 1229 1919 μὲν
1273 1851 1298 1905 ὃ
1346 1856 1670 1920 περιπλεύσας
1712 1854 1802 1919 τὴν

115 1933 413 2000 οἰκουμένην
450 1935 655 2002 γαστρὸς
702 1933 846 1986 ἕνεκα
890 1934 974 1984 καὶ
1019 1943 1116 1985 τῶν
1162 1934 1260 1985 ὑπὸ
1306 1934 1397 2000 τὴν
1435 1934 1641 2002 γαστέρα
1679 1936 1807 1999 φησί

115 2015 250 2066 «καὶ
285 2043 346 2050 -
383 2017 696 2081 μαλακόν).
772 2019 1003 2068 Eustath.
1042 2020 1199 2082 1163,
1234 2020 1324 2068 28:
1363 2015 1710 2083 παραπηκτέον
1748 2015 1802 2067 δὲ

113 2097 361 2162 καινότητι
397 2101 587 2166 λεκτικῇ
625 2097 709 2148 καὶ
745 2098 862 2158 τοὺς
900 2138 911 2150 .
938 2138 949 2150 .
974 2137 986 2149 .
1024 2099 1198 2164 βίκους
1242 2097 1301 2147 τὰ
1346 2097 1577 2163 οἰνοδόχα
1614 2097 1802 2164 ἀγγεῖα,

115 2180 166 2229 οἳ
208 2183 392 2228 κεῖνται
439 2178 524 2228 καὶ
569 2177 650 2228 ἐπὶ
695 2179 932 2243 μειζόνων
979 2177 1281 2243 ὀστρακίνων
1332 2185 1546 2242 σκευῶν,
1599 2175 1666 2237 ὡς
1719 2176 1800 2242 ἐμ-

115 2261 342 2323 φαίνεται
390 2258 442 2310 ἐν
486 2262 552 2329 τῷ
599 2263 894 2310 «Σικελοῦ
938 2287 999 2294 —
1044 2259 1331 2324 ἔμελλεν).
1409 2254 1435 2310 ὁ
1483 2256 1535 2308 δὲ
1581 2265 1802 2318 τοιοῦτος

114 2339 438 2405 ταριχευτικὸς
486 2340 626 2405 βίκος
657 2336 720 2406 (!)
767 2339 850 2390 καὶ
895 2338 1149 2406 ἀμφορεὺς
1196 2338 1259 2389 ἂν
1299 2338 1508 2407 λέγοιτο,
1555 2337 1621 2399 ὡς
1660 2339 1810 2403 δηλοῖ

115 2419 332 2486 ἐπαχθὲν
369 2419 481 2486 περὶ
518 2420 770 2487 σκόμβρον
809 2420 861 2471 τὸ
901 2419 1077 2487 «πρὶν
1114 2449 1175 2455 -
1212 2420 1578 2486 ἀμφορέως».

677 2658 931 2693 VARIETAS
970 2659 1242 2693 LECTIONIS

234 2738 472 2783 XXXVIII
523 2744 545 2783 1
586 2738 744 2798 (φάγε
778 2774 788 2785 .
816 2774 825 2783 .
851 2738 900 2799 .>
938 2739 1146 2796 explevit,
1173 2739 1342 2785 Kaibel
1382 2739 1487 2784 coll.
1518 2755 1562 2785 v.
1594 2745 1621 2784 9
1771 2745 1798 2785 3

117 2809 322 2865 φορτικῷ
355 2804 695 2850 Stadtmueller
845 2809 871 2848 5
906 2803 997 2862 ἔφυ
1026 2805 1226 2851 ἀκιδνὸν
1258 2804 1424 2852 κενεόν
1453 2821 1503 2851 τε
1537 2804 1709 2863 ἔδεσμα
1737 2808 1798 2861 Δ,

116 2869 188 2915 ὅτι
218 2874 402 2928 φαῦλον
434 2869 525 2929 ἔφυ
556 2871 639 2916 καὶ
667 2871 866 2917 ἀκιδνὸν
898 2869 1071 2929 ἔδεσμα
1102 2872 1258 2929 vulgo,
1288 2886 1404 2918 corr.
1435 2871 1650 2917 Meineke
1773 2878 1798 2918 7

118 2938 398 2982 εντονεονΑ
457 2935 568 2983 νέου
601 2936 787 2994 scripsi:
822 2935 931 2982 νέον
961 2937 1104 2995 vulgo
