2038 3140
173 130 255 162 PR.
287 130 595 164 xxx—xxxlv
816 140 878 146 —-
963 111 1066 162 155
1148 141 1211 148 —

2 253 168 287 xxxm
214 239 305 294 καὶ
344 249 549 311 νεαροῦ
588 243 831 310 μεγάλου
870 238 916 294 τ’
956 241 1207 294 αὐλωπία
1246 242 1307 295 ἐν
1345 243 1503 312 θέρει
1544 244 1694 297 ὠνοῦ
1897 261 1949 303 (9)

207 326 394 398 κρανί’
441 330 575 383 ὅταν
619 328 860 383 Φαέθων
899 330 1154 398 πυμάτην
1193 330 1366 393 ἁψῖδα
1405 332 1667 402 διφρεύῃ·

206 415 297 469 καὶ
334 419 585 485 παράθες
622 419 839 488 θερμὸν
878 416 1082 486 ταχέως
1120 416 1211 470 καὶ
1250 428 1453 487 τρῖμμα
1493 417 1607 488 μετ’
1646 421 1831 475 αὐτοῦ.

207 505 343 557 ὄπτα
385 503 435 557 δ’
475 504 609 574 ἀμφ’
651 506 941 573 ὀβελίσκον
980 503 1120 558 ἑλὼν
1160 506 1536 576 ὑπογάστριον
1576 509 1764 562 αὐτοῦ.

142 651 155 659 ·
208 621 348 691 ἀμφὶ
390 620 449 676 δὲ
489 625 591 692 τὴν
632 623 786 691 ἱερήν
823 642 881 674 τε
920 620 1010 674 καὶ
1050 622 1358 692 εὐρύχορον
1398 626 1593 693 Σάμον
1633 628 1757 689 ὄψει
1870 658 1943 695 (21)

127 743 133 747 -
203 711 423 764 θύννον
463 712 829 780 ἁλισκόμενον
869 711 1084 780 σπουδῇ
1126 710 1323 779 μέγαν,
1368 712 1434 765 ὃν
1475 713 1771 768 καλέουσιν

203 801 400 869 ὄρκυν,
442 802 637 853 ἄλλοτε
679 797 727 851 δ’
768 794 838 851 αὗ
877 807 1052 866 κῆτος.
1129 800 1331 852 τούτου
1373 797 1433 852 δὲ
1472 801 1674 869 θέρευς
1713 805 1814 871 χρὴ

202 887 443 950 ὀψωνεῖν
484 887 517 940 ἃ
556 886 750 957 πρέπει
788 885 993 955 ταχέως
1030 885 1121 939 καὶ
1161 888 1233 955 μὴ
1273 886 1399 956 περὶ
1442 897 1599 957 τιμῆς
1638 930 1649 942 .
1684 932 1694 943 .
1730 933 1739 943 .

202 978 315 1029 ἔστι
357 974 417 1029 δὲ
455 985 712 1045 γενναῖος
750 977 1035 1046 Βυζαντίῳ
1076 976 1137 1027 ἔν
1176 994 1233 1028 τε
1272 976 1568 1048 Καρύστῳ·

202 1065 263 1117 ἐν
302 1069 554 1119 Σικελῶν
595 1062 655 1117 δὲ
695 1067 863 1132 κλυτῇ
903 1065 1055 1134 νήσῳ
1097 1062 1438 1132 Κεφαλοιδὶς
1477 1064 1737 1133 ἀμείνους

198 1157 384 1226 πολλῷ
425 1154 602 1205 τῶνδε
640 1150 830 1220 τρέφει
869 1151 1120 1213 θύννους
1159 1149 1249 1204 καὶ
1295 1150 1573 1221 Τυνδαρὶς
1612 1153 1759 1222 ἀκτή.

201 1239 270 1293 ἂν
311 1241 376 1294 δέ
409 1236 532 1294 ποτ’
573 1239 804 1307 Ἰταλίης
845 1238 993 1308 ἱερῆς
1023 1236 1323 1292 Ἱππώνιον
1361 1241 1551 1310 ἔλθῃς,

338 1361 514 1365 “-“
665 1361 866 1395 nomem
904 1360 1098 1394 vmzsvs
1141 1361 1337 1394 summe

157 1421 352 1464 XXXIV
386 1427 410 1464 2
431 1435 498 1476 sq.
530 1420 588 1464 cf.
616 1420 676 1464 ad
708 1419 796 1463 IIII
828 1425 853 1463 6

848 1520 1163 1556 TESTIMONIA

267 1590 484 1638 XXXIII
545 1590 664 1638 Ath.
698 1589 796 1637 VII
835 1589 1008 1638 326b:
1055 1588 1335 1647 ταυλωπίας
1375 1583 1620 1656 (errorem
1660 1592 1844 1653 expila-

156 1664 280 1713 toris
319 1665 372 1712 in
414 1664 733 1712 Archestra’ci
770 1679 923 1712 versu
959 1662 1212 1711 ταυλωπία
1251 1665 1463 1725 legentis
1503 1664 1630 1713 vidit
1661 1664 1845 1714 Casan-

154 1731 350 1803 bonus).
430 1735 541 1801 περὶ
578 1735 755 1786 τούτου
789 1731 857 1784 ’A.
898 1735 1084 1800 ἱστορεῖ
1115 1734 1250 1784 «καὶ
1284 1763 1347 1770 -
1385 1735 1620 1786 αὐτοῦ».

264 1811 476 1859 XXXIV
509 1811 625 1859 Ath.
646 1810 744 1858 VH
762 1810 919 1859 301f:
939 1805 1007 1857 ’A.
1027 1807 1250 1873 δέφησιν
1269 1808 1456 1873 «ἀμφὶ
1478 1839 1538 1847 -—-
1560 1809 1844 1875 ἀώρους».

157 1885 389 1934 Eustath.
434 1887 562 1947 994,
605 1886 696 1933 50:
759 1880 826 1942 ὡς
873 1883 1021 1946 δηλοῖ
1058 1881 1141 1931 καὶ
1188 1880 1214 1932 ὅ
1260 1883 1456 1948 γράψας
1508 1883 1560 1933 τὸ
1615 1884 1845 1945 θύννος

155 1955 545 2021 ἁλισκόμενος
583 1956 813 2024 σπουδῇ
854 1955 1058 2022 μέγας,
1097 1952 1164 2005 ὃν
1202 1955 1524 2007 καλέουσιν
1557 1955 1843 2022 ὄρκυνον,

151 2028 319 2081 ἄλλοι
359 2027 405 2080 δ’
444 2024 515 2079 αὖ
554 2038 744 2095 κῆτος.
821 2029 1034 2079 τούτου
1076 2027 1136 2079 δὲ
1174 2035 1345 2090 θεοῖς
1383 2029 1487 2095 χρὴ
1529 2027 1809 2095 ὀψωνεῖν.-

714 2147 969 2182 VAROETAS
1006 2147 1279 2181 LEOTIONIS
1364 2194 1370 2198 Ι

270 2206 463 2251 XXXIH
497 2211 519 2249 1
544 2207 786 2251 ταυλωπία
800 2205 1085 2261 AthenaeuS,
1109 2219 1225 2251 corr,
1243 2206 1546 2251 casaubonus
1669 2214 1695 2252 2
1728 2226 1843 2268 κρα-

151 2276 257 2319 νίον
289 2271 401 2318 ὅταν
434 2273 502 2329 A,
539 2286 653 2317 corr.
684 2271 920 2327 Ribbeck,
960 2271 1137 2329 κράνον
1170 2271 1495 2328 casaubonus,
1528 2275 1746 2330 κρανίον,
1779 2273 1840 2320 ἂν

151 2339 327 2384 Gesner
386 2337 572 2396 ὑπάτην
589 2337 925 2383 Stadbmueller
1015 2344 1040 2382 3
1066 2339 1239 2395 τρίμμα
1254 2337 1410 2395 vulgo,
1435 2344 1607 2396 τρῖμμα
1622 2340 1839 2385 Meineke

150 2408 260 2451 ante
285 2408 334 2450 eb
355 2409 464 2462 post
487 2420 528 2451 v.
547 2411 573 2450 3
599 2404 816 2448 lacunam
841 2405 1104 2462 suspicatur
1131 2404 1353 2460 Ribbeck,
1369 2402 1675 2462 ’ὑπογάστρια
1699 2411 1836 2451 κοῖλα

150 2471 487 2517 Stadbmueller

267 2537 461 2583 XXXIV
488 2543 508 2581 1
530 2534 681 2593 ἰερήνε
709 2534 840 2592 ἱεράν
858 2536 904 2580 A
966 2536 1228 2593 εὐρύχωρον
1245 2537 1292 2581 A
1354 2535 1450 2593 ὄψη
1466 2538 1512 2582 A
1582 2544 1608 2582 3
1630 2538 1774 2594 ὄρκυν
1790 2540 1838 2584 A

148 2603 281 2649 ἄλλοι
311 2605 379 2659 A,
420 2617 535 2648 corr.
568 2601 783 2646 Ribbeck
857 2601 983 2646 idem
1012 2601 1185 2658 θέρευς
1215 2616 1300 2659 pro
1330 2602 1527 2659 vulgato
1556 2606 1691 2655 θεοῖς
1808 2611 1838 2650 4

151 2669 234 2714 καὶ
257 2668 420 2728 μητέρι
443 2675 577 2727 τιμῆς
599 2669 660 2723 A,
691 2667 774 2712 καὶ
796 2666 858 2725 μὴ
873 2666 981 2725 περὶ
995 2674 1130 2725 τιμῆς
1145 2669 1316 2713 Coraes
1338 2669 1571 2725 probante
1595 2669 1832 2716 Meinekio

148 2735 231 2792 qui
246 2736 466 2781 lacunam
481 2734 696 2780 indicans
713 2733 922 2791 suppleri
940 2733 1074 2778 iubet
1086 2732 1290 2792 δηριάαν
1302 2734 1380 2779 vel
1391 2734 1487 2779 tale
1500 2734 1615 2791 quid
1661 2734 1838 2794 ταχέως

146 2799 190 2847 τ’
218 2804 364 2848 εἴκειν
394 2818 443 2847 π.
467 2819 506 2847 τ.
532 2800 868 2847 Stadtmueller
987 2807 1012 2845 6
1044 2816 1094 2845 τε
1119 2801 1180 2854 A,
1212 2814 1326 2844 corr.
1353 2801 1522 2846 Comes
1583 2802 1832 2860 κεφαλοιδ’

147 2868 215 2921 εἰς
238 2869 459 2926 ἀμείνους
481 2868 543 2922 A,
574 2866 776 2912 correxit
800 2866 1102 2912 Casaubonus
1193 2870 1222 2910 8
1248 2863 1444 2923 Ἰταλίης
1468 2864 1613 2925 ἱερῆςε
1638 2866 1836 2922 Ἰταλίας

148 2933 278 2995 ἱερᾶς
306 2935 353 2979 A
436 2933 657 2980 εἰπώνιον
686 2933 747 2989 A,
779 2945 895 2977 corr.
926 2932 1142 2977 Musurus
