2038 3140
901 159 973 165 —-
1049 137 1160 179 VIII
1238 159 1307 165 —-

268 281 410 314 mam
463 262 671 329 adduci)
725 279 785 312 ea
832 260 1177 312 festinatione
1227 260 1457 327 quadam
1505 260 1948 329 impatientiaque

266 351 608 416 reprimerem
662 352 714 400 et
761 349 1146 400 imminuerem.
1222 346 1307 399 Ita
1349 347 1549 398 factum
1592 351 1673 400 est
1712 352 1771 400 ut
1808 366 1949 401 nunc

264 438 480 488 tandem
521 438 694 488 tribus
734 442 858 504 post
899 437 1051 487 annis
1087 437 1313 487 alterum
1347 435 1661 487 fasciculum
1695 441 1950 506 sequatur

266 526 354 593 qui
387 526 493 576 iam
525 543 635 576 non
670 526 861 576 merito
886 525 1186 592 appellatur
1210 524 1370 591 prior.
1427 522 1542 584 Quo
1570 524 1743 592 magis
1771 527 1948 576 autem

264 613 377 680 ipse
423 613 685 680 perspicio
735 615 936 680 quanto
983 615 1200 680 superet
1238 612 1382 679 hunc
1420 629 1661 663 meorum
1703 612 1948 664 laborum

266 700 499 752 fructum
551 718 682 767 opus
730 701 831 751 viri
878 700 1023 751 illius
1065 699 1361 751 doctissimi
1407 700 1950 768 ingeniosissimique,

267 806 327 840 eo
369 788 542 840 maior
582 788 714 839 mihi
755 806 917 839 causa
956 790 1037 838 est
1076 805 1167 839 cur
1209 787 1275 838 ab
1314 787 1381 838 iis
1423 787 1513 854 qui
1545 787 1686 838 idem
1719 787 1951 839 sentient

264 879 460 943 petam,
485 894 551 927 ne
580 875 713 927 duos
738 875 1022 927 fasciculos
1049 877 1423 942 comparantes
1450 877 1710 942 quantum
1733 875 1951 926 intersit

264 963 404 1015 inter
443 964 589 1015 illius
632 966 684 1015 et
723 982 871 1015 meas
912 963 1051 1014 vires
1093 963 1494 1014 obliviscantur.

376 1050 625 1104 Ceterum
690 1051 814 1103 dum
875 1051 962 1103 hic
1024 1051 1161 1102 liber
1228 1051 1343 1118 ipse
1406 1051 1551 1118 typis
1616 1049 1950 1118 describitur,

266 1138 710 1190 Wachsmuthius
752 1157 967 1206 operam
1012 1157 1164 1189 suam
1212 1139 1585 1189 liberalissime
1628 1137 1762 1189 mihi
1801 1155 1949 1206 prae-

267 1227 408 1278 stitit
463 1245 572 1278 non
637 1228 809 1278 solum
873 1227 1252 1295 quaterniones
1307 1227 1665 1294 perlustrans,
1727 1226 1783 1277 in
1846 1243 1950 1294 quo

265 1315 534 1382 permulta
580 1315 794 1384 egregie
842 1316 1000 1383 plane
1053 1314 1308 1382 correxit,
1360 1314 1450 1366 sed
1491 1314 1654 1366 etiam
1696 1330 1758 1365 eo
1808 1313 1947 1382 quod

261 1404 591 1454 incertorum
638 1402 942 1471 fragmenta
988 1401 1099 1453 IIII
1115 1401 1292 1453 —VII
1338 1405 1391 1454 et
1436 1402 1743 1470 fragmenta
1786 1401 1950 1453 dubia

267 1490 294 1542 I
318 1487 403 1541 ΙΙΙ
433 1490 647 1558 integra
672 1489 888 1541 addidit.
936 1488 1142 1541 Deinde
1166 1507 1260 1557 per
1285 1487 1587 1541 Samuelem
1613 1488 1951 1557 Brandtium‚

266 1577 489 1629 fratrem
516 1577 939 1643 dilectissimum⁷
967 1578 1114 1629 cuius
1141 1595 1172 1628 a
1196 1578 1481 1645 penatibus
1507 1579 1754 1644 receptus
1777 1576 1948 1644 copiis

263 1664 622 1716 bibliothecae
669 1665 1144 1734 Heidelbergensis
1193 1666 1273 1718 uti
1321 1669 1564 1733 poteram
1612 1665 1773 1717 simul
1820 1683 1949 1718 non-

265 1752 442 1804 nullas
492 1755 674 1819 partes
721 1753 879 1804 huius
933 1753 1061 1804 libri
1114 1754 1277 1806 variis
1330 1754 1669 1805 sermonibus
1718 1770 1838 1804 cum
1885 1770 1947 1806 eo

263 1843 618 1907 pertractans,
666 1840 869 1892 factum
917 1844 999 1892 est
1042 1843 1103 1892 ut
1150 1841 1312 1910 Hugo
1353 1839 1821 1909 Stadtmuellerus,
1866 1841 1949 1893 vir

270 1927 494 1979 scientia
546 1927 850 1979 litterarum
898 1927 1222 1980 Graecarum
1274 1930 1474 1997 pariter
1530 1934 1690 1996 atque
1743 1928 1949 1996 ingenii

265 2015 508 2067 acumine
563 2015 816 2084 insignis,
879 2033 933 2067 se
989 2015 1055 2067 ad
1108 2017 1356 2086 plagulas
1415 2015 1758 2084 corrigendas
1814 2015 1947 2067 mihi

264 2103 489 2155 offerret.
554 2100 655 2162 Qui
689 2103 895 2154 muneri
928 2107 1175 2171 suscepto
1201 2122 1327 2156 cura
1350 2107 1463 2155 tam
1488 2105 1704 2156 assidua
1729 2105 1946 2172 tamque

265 2192 478 2258 integra
525 2207 579 2242 se
629 2190 850 2258 dedidit,
896 2194 957 2243 ut
1005 2209 1198 2258 operae
1246 2209 1396 2244 meae
1434 2211 1542 2244 non
1582 2193 1695 2242 tam
1736 2190 1949 2243 adiutor

263 2295 423 2345 quam
451 2277 624 2329 socius
650 2277 915 2330 existeret.
959 2277 1153 2330 Parum
1177 2281 1318 2330 recte
1342 2278 1602 2330 iudicabit
1620 2278 1711 2346 qui
1728 2295 1944 2346 operam

264 2364 377 2416 eius
419 2364 668 2416 aestimet
708 2382 771 2416 ex
809 2364 918 2417 illis
958 2367 1171 2417 tantum
1210 2366 1342 2418 locis
1377 2366 1567 2434 quibus
1603 2383 1802 2417 nomen
1833 2365 1946 2418 eius

264 2451 593 2519 adscriptum
640 2450 855 2503 viderit:
911 2456 1016 2519 quo
1071 2453 1248 2504 minus
1298 2468 1396 2521 ego
1451 2452 1674 2505 reticere
1723 2469 1944 2521 possum

264 2541 493 2607 quantas
555 2537 755 2604 gratias
810 2538 1034 2591 debeam
1089 2539 1202 2592 viro
1259 2540 1463 2608 optimo
1526 2543 1580 2592 et
1633 2540 1943 2593 doctissimo

264 2626 443 2678 aliena
480 2625 701 2693 negotia
738 2629 1013 2695 tamquam
1054 2645 1151 2679 sua
1191 2627 1516 2695 suscipienti.

377 2712 581 2765 Deinde
619 2712 708 2765 hic
747 2714 893 2766 locus
929 2714 1242 2782 aptissimus
1282 2715 1415 2767 mihi
1450 2714 1663 2768 videtur
1694 2730 1798 2784 quo
1830 2715 1945 2785 bre-

264 2800 400 2852 viter
437 2801 784 2853 nominentur
830 2801 869 2853 ii
909 2801 999 2870 qui
1039 2802 1262 2854 cum'de
1300 2802 1448 2871 poesi
1489 2801 1743 2870 parodica
1781 2800 1943 2854 Grae-

262 2905 447 2940 corum
486 2887 814 2958 scripserint,
853 2892 946 2941 aut
981 2889 1290 2959 nominibus
1330 2890 1524 2942 adlatis
1565 2907 1596 2941 a
1635 2906 1718 2941 me
1754 2889 1810 2941 in
1840 2889 1943 2942 hoc
