2038 3140
149 102 396 136 GELENSIS
793 113 853 120 —
939 84 1040 135 1529
1123 112 1188 118 ——

151 219 340 267 olerum
388 222 438 267 et
485 219 752 269 bulborum
798 224 849 268 et
888 235 1014 283 quae
1056 221 1172 267 sunt
1211 219 1316 266 eius
1357 219 1551 280 generis
1599 219 1651 266 in
1690 220 1830 269 initio

151 299 399 355 carminis,
440 300 819 362 quadrupedum
859 303 910 348 et
947 300 1114 349 avium
1148 299 1450 347 mentionem
1480 302 1595 360 post
1624 301 1831 361 piscium

149 381 450 442 catalogum,
489 381 717 429 vinorum
757 382 968 444 denique
1007 380 1059 427 in
1097 380 1204 443 ipso
1245 381 1377 428 exitu
1416 381 1595 441 posuit.
1659 381 1831 444 Neque

152 463 321 522 potest
375 461 594 509 dubitari
650 463 768 524 quin
821 461 1091 524 fragmenti
1137 460 1277 508 LXII
1324 460 1464 509 sedes
1512 461 1563 508 in
1610 464 1831 510 extrema

149 541 382 588 carminis
421 545 565 604 parte
600 543 773 590 fuerit:
812 543 975 590 tribus
1009 542 1140 589 enim
1171 542 1398 590 versibus
1429 544 1639 590 19—21
1678 544 1830 591 totius

149 623 378 670 carminis
405 637 596 669 summa
620 623 1069 685 comprehenditur.
1113 622 1253 679 Quod
1276 638 1393 671 vero
1419 623 1469 670 in
1494 625 1829 685 componendo

148 701 358 762 piscium
412 704 637 766 catalogo
691 719 790 751 11011
844 703 1061 751 rationes
1109 719 1235 765 quae
1282 704 1333 750 in
1380 707 1675 765 argumento
1722 705 1829 766 ipso

147 783 340 843 positae
374 786 542 832 essent
570 784 871 832 Ribbeckius
904 785 1101 831 secutus
1134 788 1224 842 est,
1265 784 1349 831 sed
1389 785 1530 832 illum
1569 785 1620 831 in
1659 786 1828 847 alpha-

148 863 367 911 beticum
405 864 492 926 qui
530 864 710 912 dicitur
742 864 963 912 ordinem
995 863 1203 927 redegit,
1242 865 1375 912 haud
1409 866 1505 914 scio
1538 881 1603 912 an
1634 867 1828 928 longius

150 945 321 1006 paullo
361 946 608 1007 possimus
647 945 902 1007 progredi:
957 961 1256 1007 quamquam
1303 948 1394 994 hoc
1433 947 1578 994 facile
1619 948 1829 995 concedo

147 1025 256 1074 viro
289 1026 576 1076 doctissimo
606 1043 707 1075 non
737 1042 767 1074 a
798 1027 1086 1090 regionibus
1111 1042 1234 1088 quas
1257 1030 1577 1089 peragrasset·
1608 1028 1830 1076 ordinem

147 1107 407 1168 repetiisse
446 1108 605 1157 videri
643 1110 843 1170 poetam
884 1108 977 1154 hac
1015 1107 1067 1154 in
1106 1123 1159 1155 re
1198 1108 1400 1156 minime
1439 1108 1672 1155 meritum
1704 1109 1831 1170 peri-

147 1189 324 1248 egetae
362 1204 555 1250 nomen,
596 1189 726 1251 quod
766 1188 813 1236 ei
843 1188 1021 1236 tribuit
1052 1188 1341 1236 Athenaeus
1376 1188 1475 1235 VII
1509 1191 1654 1238 294a
1693 1183 1830 1256 (vide

147 1270 266 1316 test.
320 1269 379 1318 fr.
427 1262 583 1336 XIX).
676 1269 878 1317 Rectius
933 1270 1149 1317 fortasse
1205 1269 1542 1331 spectabimus
1596 1273 1825 1333 tempora

147 1349 372 1410 capiendi
400 1351 656 1398 emendive
679 1351 760 1398 vel
777 1350 996 1398 rationes
1020 1351 1228 1411 parandi
1253 1353 1401 1412 atque
1429 1351 1680 1412 coquendi.
1730 1352 1829 1400 Sed

146 1429 208 1477 de
254 1430 347 1478 hac
395 1431 687 1493 quaestione
734 1433 911 1492 postea
956 1431 1255 1478 videbimus:
1310 1447 1439 1479 nunc
1484 1432 1686 1480 interim
1732 1434 1831 1480 alia

145 1511 227 1559 via
265 1514 343 1560 est
379 1512 718 1576 ingredienda.

256 1592 458 1641 Etenim
497 1609 596 1642 non
634 1593 808 1641 dubito
849 1593 968 1655 quin
1008 1593 1172 1654 quoad
1209 1591 1320 1640 fieri
1357 1593 1523 1654 potuit
1561 1593 1828 1641 seeundum

149 1688 336 1736 genera
367 1675 672 1724 enumeratio
704 1675 915 1737 piscium
943 1673 1100 1722 fuerit
1129 1674 1400 1722 constituta
1430 1674 1516 1736 ita,
1555 1678 1612 1721 ut
1644 1674 1830 1723 similes

146 1755 395 1804 similibus
435 1757 862 1818 componerentur.
929 1753 1078 1803 Cuius
1110 1755 1183 1802 rei
1221 1754 1275 1802 in
1312 1754 1498 1817 eologis
1535 1754 1613 1817 iis,
1652 1756 1831 1817 quibus

146 1835 253 1884 bini
289 1837 371 1886 vel
409 1838 689 1899 complures
730 1837 882 1885 etiam
922 1835 1270 1884 describuntur
1307 1837 1460 1883 maris
1499 1836 1712 1900 incolae,
1754 1841 1832 1885 sat

148 1917 419 1966 manifesta
465 1918 619 1966 habes
664 1917 967 1966 testimonia.
1046 1914 1319 1978 Conchylia
1357 1919 1491 1965 certe
1530 1932 1627 1965 uno
1666 1917 1834 1966 omnia

145 1998 268 2060 loco,
306 1998 366 2047 fr.
398 1999 529 2055 LVI,
569 1999 791 2048 breviter
825 1997 1212 2060 comprehendit,
1251 1997 1391 2046 cuius
1431 1999 1647 2060 catalogi
1686 1998 1830 2060 plane

147 2078 337 2127 similes
390 2079 714 2128 inveniuntur
766 2079 1075 2142 Epicharmi,
1136 2077 1380 2140 Philyllii,
1433 2078 1831 2140 Anaxandridae,

145 2157 461 2221 Philippidae
493 2159 625 2207 infra
663 2160 834 2208 adlati.
895 2159 973 2208 De
1012 2174 1150 2208 scaro
1182 2160 1234 2206 et
1262 2158 1418 2221 trigla
1449 2158 1628 2220 quibus
1660 2158 1832 2221 agitur

144 2240 440 2303 fragmentis
455 2239 667 2287 XHXI
690 2242 742 2288 et
759 2240 1010 2302 XXXXII,
1035 2255 1095 2287 ea
1111 2238 1367 2287 Athenaeo
1392 2241 1524 2286 teste
1540 2239 1826 2289 cohaerent:

146 2336 271 2383 quos
297 2320 494 2369 eosdem
525 2322 685 2382 pisces
717 2321 1005 2370 coniunctos
1036 2320 1164 2384 legis
1196 2334 1226 2367 a
1251 2319 1489 2368 Machone
1514 2334 1590 2381 ap.
1614 2319 1733 2369 Ath.
1758 2320 1831 2368 VI

147 2403 312 2450 2440:
343 2408 443 2450 τῶν
474 2397 563 2464 μὲν
595 2393 791 2465 σκάρων
821 2399 1034 2451 ἀπέλαυε
1063 2407 1160 2450 τῶν
1190 2402 1396 2466 τριγλῶν
1426 2395 1482 2448 θ’
1510 2398 1628 2463 ἅμα.
1674 2401 1829 2464 Frag-

144 2486 370 2531 mentum
393 2480 626 2530 XXXXV
656 2478 853 2546 κεστρὲα
893 2486 943 2531 et
973 2481 1196 2547 λάβρακα
1234 2482 1320 2544 qui
1351 2482 1671 2543 appellantur
1699 2497 1830 2530 eom-

145 2563 404 2626 plectitur:
443 2563 577 2610 idem
614 2577 717 2610 una
751 2563 1076 2612 nominantur
1107 2563 1171 2612 ab
1201 2561 1474 2611 Aristotele
1505 2561 1569 2611 H.
1591 2561 1652 2611 N.
1683 2561 1756 2611 IX
1783 2565 1830 2612 2.

146 2644 448 2707 Fragmento
490 2643 750 2691 XXXXVI
801 2644 933 2692 inter
979 2642 1179 2708 σελάχη,
1233 2643 1364 2705 quod
1416 2642 1573 2692 totius
1617 2642 1831 2705 piscium

149 2725 407 2774 cuiusdam
445 2725 643 2789 generis
683 2727 761 2772 est
797 2739 991 2788 nomen,
1032 2725 1308 2772 afferuntur
1346 2721 1458 2788 ῥίνη
1498 2725 1552 2772 et
1583 2721 1832 2787 λειόβατος

145 2805 483 2854 consentiente
529 2805 803 2854 Aristotele
848 2805 912 2854 H.
949 2804 1010 2854 A.
1057 2821 1106 2867 p.
1139 2803 1312 2868 540b,
1361 2805 1444 2852 17.
1528 2803 1832 2867 Fragmento

150 2885 342 2934 XXXII
364 2887 503 2935 aliud
532 2901 627 2949 par
654 2886 863 2949 piscium
885 2885 1057 2948 prodit
1085 2890 1248 2949 ψῆττα
1278 2886 1331 2933 et
1360 2882 1677 2950 βούγλωσσος
1698 2885 1833 2934 inter

236 2975 416 3016 Gorpuno.
445 2976 479 3008 1.
1537 2969 1565 3010 9
