2038 3140
891 151 952 156 —
1042 122 1141 172 126
1225 151 1285 157 —
1522 138 1928 174 ARoHEsTRATvs

357 258 522 318 Atque
561 257 706 303 binae
746 257 1061 317 potissimum
1103 261 1217 304 sunt
1255 257 1476 305 virorum
1521 256 1780 304 doctorum
1820 271 1927 303 sen-

243 339 453 386 tentiae:
487 338 631 385 alteri
664 339 866 384 censent
891 337 1152 384 Philoxeni
1177 335 1402 398 Cytherii
1426 339 1643 384 Δεῖπνον
1669 352 1698 384 a
1720 336 1928 384 Platone

244 434 350 466 esse
384 419 617 478 derisum,
652 433 799 479 quem
831 418 995 478 ipsum
1028 418 1340 465 hexametros
1373 417 1487 465 illos
1511 417 1710 465 finxisse
1736 432 1927 479 omnes;

243 499 372 560 quod
421 499 461 546 si
509 515 682 547 verum
731 500 828 558 est,
888 498 1266 546 Archestratum
1313 514 1441 559 quae
1490 499 1670 546 similia
1709 498 1862 546 habet
1899 514 1929 546 a

240 580 450 645 Platone
489 579 751 641 repetiisse
790 581 1009 639 oportet3
1050 579 1197 626 alteri
1229 579 1543 627 Athenaeum
1577 582 1812 627 secuntur
1845 578 1926 641 qui

240 661 568 708 Philoxenum
625 659 870 721 quendam
916 658 1222 707 Leucadium
1277 675 1306 707 a
1361 659 1631 708 Philoxeno
1682 659 1928 722 Cythereo

241 740 605 804 dithyrambico
639 740 952 802 distinguens
983 741 1117 788 illius
1145 736 1479 803 Ὀψαρτυσίαν
1512 741 1632 788 dicit
1663 757 1692 788 a
1717 741 1928 788 Platone

239 821 529 883 perstringi.
544 814 584 886 ¹)
647 821 754 884 Ego
789 837 906 870 vero
938 836 1037 869 non
1068 822 1227 885 video,
1261 838 1357 884 quo
1389 824 1533 882 pacto
1566 822 1792 870 versibus
1824 821 1926 869 illis

240 903 383 950 Plato
410 903 627 949 inridere
651 902 872 963 potuerit
896 902 1153 951 Philoxeni
1173 903 1466 952 Convivium
1490 904 1636 964 plane
1662 901 1926 951 diversum.

239 983 334 1031 Hic
373 983 563 1031 melicis
603 983 792 1042 metris,
833 982 1000 1031 dorica
1037 984 1247 1032 dialecto
1281 983 1516 1031 describit
1548 983 1720 1044 epulas
1753 982 1929 1030 lautis-

240 1065 389 1112 simas
440 1064 617 1125 quibus
659 1063 960 1110 interfuerat
1002 1065 1266 1113 verborum
1308 1064 1531 1113 novitate
1573 1078 1730 1125 paene
1777 1077 1929 1123 supra

239 1146 441 1192 modum
475 1146 688 1205 extenta,
729 1143 791 1190 ad
831 1159 980 1204 quam
1022 1145 1340 1193 deridendam
1381 1144 1633 1206 pertinent
1671 1143 1927 1204 Aristoph.

237 1226 366 1273 Eccl.
401 1242 446 1273 v.
484 1217 919 1288 1168—11732),
959 1225 1044 1273 ille
1077 1227 1272 1275 heroico
1313 1228 1496 1288 metro,
1535 1225 1674 1286 epica
1713 1224 1926 1272 dictione

239 1308 510 1367 praecepta
564 1305 809 1366 expromit
871 1305 1183 1366 singulorum
1237 1307 1458 1356 ciborum
1513 1299 1927 1368 apparandorum,

236 1386 527 1434 intermixta
559 1389 728 1434 tamen
759 1385 1025 1434 verborum
1065 1389 1270 1437 lascivia
1309 1388 1547 1436 nimirum
1584 1402 1675 1449 pro
1708 1386 1925 1434 Phaonis

235 1467 437 1516 fabulae
456 1458 821 1532 argumento.3)
864 1465 993 1523 Quid
1009 1464 1116 1516 ita?
1156 1469 1448 1517 Rectissime
1465 1469 1580 1530 post
1597 1466 1926 1515 Schmidtium

235 1547 542 1596 Meinekium
583 1547 910 1595 Ribbeckium
953 1547 1386 1598 Schoenemannus
1426 1564 1567 1596 meus
1607 1547 1795 1595 iudicat
1826 1548 1857 1594 1.
1883 1562 1924 1595 c.

233 1646 280 1690 p.
323 1631 415 1690 87,
463 1628 637 1690 utique
685 1627 935 1676 subfuisse
984 1629 1163 1678 debere
1210 1645 1387 1692 poema
1430 1628 1855 1692 gastronomicum
1895 1643 1925 1675 a

233 1709 443 1757 Platone
475 1710 646 1771 paucis
679 1712 737 1756 ut
769 1711 938 1756 tamen
970 1710 1174 1771 agnosci
1204 1710 1427 1773 potuerit
1457 1709 1665 1757 mutatis
1691 1707 1924 1770 derisum,

232 1791 458 1839 versibus
491 1792 624 1839 certe
656 1790 960 1839 hexametris
985 1791 1327 1852 compositum.
1390 1790 1620 1838 Ieiunum
1654 1787 1780 1835 illud
1805 1803 1923 1836 sane

231 1871 385 1919 fuerit
424 1871 780 1919 didacticorum
818 1885 956 1918 more
1000 1872 1211 1934 singulis
1259 1873 1539 1934 praeceptis
1580 1871 1805 1919 ciborum
1845 1886 1921 1919 co·

233 1953 541 2013 quendorum
581 1952 970 2000 assandorumve
1012 1966 1071 1998 ex
1111 1952 1285 2000 ordine
1325 1951 1569 2001 enarratis
1611 1944 1695 2017 (cf.
1736 1967 1780 2000 v.
1826 1944 1919 2016 11)

230 2033 459 2094 idemque
499 2048 529 2080 a
568 2031 804 2094 parodica
835 2031 1029 2079 ratione
1062 2047 1267 2092 prorsus
1300 2033 1599 2081 abhorrens:
1641 2031 1703 2078 ab
1736 2031 1922 2079 Arche-

232 2114 379 2162 strati
403 2113 723 2175 Hedypathia
756 2129 811 2161 eo
845 2115 977 2160 certe
1011 2113 1271 2161 differebat
1303 2113 1434 2177 quod
1465 2129 1563 2175 quo
1596 2113 1700 2160 loco
1741 2116 1791 2159 et
1823 2127 1920 2174 quo

228 2197 454 2256 tempore
508 2193 827 2256 potissimum
892 2193 1093 2256 singula
1146 2195 1407 2256 epularum
1461 2194 1653 2241 fercula
1706 2194 1922 2255 petenda

230 2278 412 2335 essent,
444 2275 495 2322 id
528 2275 659 2338 quod
690 2274 949 2337 proprium
981 2278 1059 2323 est
1090 2275 1322 2323 carminis
1355 2274 1712 2334 Archestratei,
1747 2273 1799 2321 in
1830 2274 1919 2322 illo

350 2402 392 2455 1)
432 2399 541 2443 Ath.
574 2399 595 2442 I
634 2400 724 2444 5b:
772 2405 855 2443 τοῦ
899 2397 1150 2453 Φιλοξένου
1190 2397 1242 2443 δὲ
1282 2406 1364 2443 τοῦ
1402 2399 1668 2443 Λευκαδίου
1707 2399 1919 2442 Δείπνου

227 2464 426 2510 Πλάτων
473 2465 497 2510 ὁ
531 2461 890 2526 ζκωμῳδιοποιὸς
931 2463 1182 2522 μέμνηται,
1231 2465 1315 2509 sed
1354 2463 1647 2509 dubitantius
1686 2463 1750 2508 1V
1782 2464 1916 2509 146f=

228 2533 359 2589 εἴπερ
391 2531 558 2575 τούτου
592 2531 856 2591 (Philoxeni
888 2529 1115 2587 Cytherii)
1157 2531 1238 2575 καὶ
1278 2531 1301 2575 ὁ
1338 2529 1687 2591 κωμῳδιοποιὸς
1717 2529 1916 2575 Πλάτων

228 2593 278 2642 ἕν
310 2601 373 2657 τῷ
410 2596 568 2641 Φάωνι
601 2593 831 2654 ἐμνήσθη,
863 2596 944 2641 καὶ
975 2596 1036 2654 μὴ
1069 2604 1150 2641 τοῦ
1175 2599 1441 2642 Λευκαδίου
1469 2594 1734 2650 Φιλοξένου.
1782 2595 1916 2640 Unde

227 2662 343 2708 satis
377 2664 574 2720 apparet
603 2676 662 2707 ne
694 2662 931 2707 veteribus
965 2661 1155 2718 quidem
1187 2660 1504 2720 grammaticis
1529 2660 1644 2705 satis
1670 2661 1728 2706 de
1752 2661 1840 2706 hac
1864 2674 1915 2706 re
1959 2684 1976 2693 ψ

226 2729 510 2774 constitisse.
558 2729 716 2774 Priore
748 2730 906 2773 autem
938 2729 1042 2773 loco
1073 2730 1197 2774 male
1221 2734 1431 2774 Δεῖπνον
1462 2726 1592 2783 dicit,
1626 2726 1759 2771 aliud
1789 2725 1916 2771 enim

227 2797 300 2840 est
329 2799 553 2852 Δεῖπνον,
586 2795 717 2839 aliud
742 2793 1045 2853 Ὀψαρτυσία.
1867 2808 1871 2813 ·

347 2864 392 2919 2)
425 2860 492 2907 cf.
523 2861 780 2919 Bergkium
810 2863 862 2907 R.
895 2875 933 2906 c.
967 2860 1066 2904 Ate.
1100 2865 1203 2916 211,
1235 2865 1306 2906 12.

344 2928 391 2984 3)
421 2926 491 2972 De
522 2941 613 2984 quo
643 2927 752 2973 vide
782 2927 1015 2974 Kockium
1044 2927 1175 2974 FCA
1203 2928 1226 2971 I
1250 2932 1335 2972 645
1353 2941 1420 2982 sq.
