2038 3140
110 133 427 167 FRAGMENTA
751 145 811 150 --
898 117 999 167 111
1086 147 1144 152 —

255 244 306 287 τὸ
341 243 531 287 στάδιον
564 242 614 287 δὲ
649 246 824 302 λαγωὸς
857 246 1122 299 ἀποίσεται,
1155 241 1205 289 ἕν
1238 244 1288 289 δὲ
1323 247 1496 306 διαύλῳ

258 309 430 365 ὃορκὰς
461 310 742 366 ἀριστεύσει,
776 310 993 368 μερόπων
1027 307 1073 354 δ’
1103 307 1378 368 ἐναρίθμιος
1410 312 1563 363 οὐδεὶς

256 371 306 419 ἐν
338 377 500 430 ποσίν,
534 372 567 419 ὦ
603 384 775 434 κοῦφοι
808 376 1082 434 ἀσκήτορες,
1115 377 1275 422 ἄθλιοι
1307 378 1486 434 ἄνδρες.

109 446 162 484 10
257 439 359 485 ἀλλ’
390 442 443 485 οὐ
477 442 568 498 μήν
599 460 711 487 ποτε
744 451 835 487 τῶν
867 460 934 493 τις
966 441 1053 499 ἀφ’
1083 442 1364 500 “Ηρακλεόυς
1397 441 1648 501 ἐλέφαντος

255 506 377 563 ἰσχύι
407 506 460 563 ἠὲ
494 507 678 561 λέοντος
709 509 958 567 ὑπέρτερος
990 510 1044 554 οὔ
1078 527 1127 554 κε
1163 513 1350 567 φανείη.

253 570 349 630 οἶμ’
378 573 445 617 ὅτι
479 574 559 618 καὶ
591 583 762 632 ταῦρος
792 583 949 634 πυγμῇ
983 576 1283 633 στεφθήσετ’,
1317 576 1423 628 ὄνος
1455 576 1506 621 δὲ

250 638 333 693 λὰξ
367 636 523 696 ἐρίσας
553 644 686 697 ποδί,
720 643 867 699 αὐτὰρ
902 640 952 687 ἐν
986 642 1160 700 ἴστορίῃ
1193 646 1457 702 πολυπείρῳ

251 705 460 763 γράψεθ’
490 706 730 752 ὁθούνεκα
762 709 1052 766 παγκράτιον
1085 708 1246 766 νίκησέ
1277 708 1382 754 ποτ’
1412 710 1606 766 ἄνδρας·

104 779 157 818 15
252 772 462 830 ἐἰκοστὴ
495 774 575 818 καὶ
605 776 762 831 πρώτη
798 775 1024 833 ὀλυμπιὰς
1053 771 1112 831 ἦν
1146 773 1214 820 ὅτ’
1246 773 1379 820 ἐνίκα

243 838 503 896 Ὀγκητής’.

166 963 219 1001 12
252 966 421 1015 ταῦρος
453 956 499 1003 δ’
528 957 652 1014 αὖτ’,
686 959 789 1014 ὀίω,
822 966 978 1016 πυγμῇ
1012 957 1310 1016 στεφθήσετ’·
1339 958 1445 1011 ὄνος
1476 957 1528 1003 δὲ

248 1023 331 1077 λὰξ
363 1026 496 1080 ποδί,
530 1027 588 1068 αἴ
611 1024 656 1068 κ’
687 1021 895 1082 ἐθέλῃσ’,
929 1022 1084 1082 ἐρίσας
1116 1025 1283 1082 στέφος
1315 1027 1489 1069 οἴσεται
1522 1023 1658 1082 αὐτό,

247 1090 396 1147 αὐτὰρ
430 1087 480 1135 ἐν
514 1089 689 1149 ἴστορίῃ
721 1093 985 1151 πολυπείρῳ
1017 1089 1216 1148 γράφετ’
1244 1091 1498 1152 <ἕπειτα>,

161 1162 213 1201 15
246 1157 307 1207 ὡς
339 1156 397 1213 δὴ
429 1156 720 1214 παγκράτιον
752 1157 977 1218 <κεῖνος>
1008 1156 1168 1214 νίκησέ
1200 1156 1305 1203 ποτ’
1335 1158 1532 1217 ἄνδρας·
1582 1159 1782 1205 Stadtm.

742 1297 1142 1331 COMMENTARIVS

208 1370 275 1424 L.
314 1370 408 1425 10.
471 1375 536 1424 Οἵ
562 1371 652 1438 ἀφ’
681 1372 979 1440 (Ηρακλέους
1011 1377 1302 1424 dicebantur
1333 1378 1367 1425 ii
1394 1377 1782 1442 Olympionicae,

98 1457 185 1520 qui
223 1457 471 1519 duplicem
501 1458 721 1519 palmam
755 1460 805 1505 et
835 1457 998 1520 πάλην
1032 1461 1082 1506 eb
1112 1457 1413 1522 παγκράτιον
1444 1461 1681 1523 tulerant,
1722 1461 1780 1509 cf.

97 1537 341 1587 Cobetum
388 1539 448 1586 de
494 1538 790 1586 Philostrati
833 1539 1006 1587 libello
1059 1536 1170 1603 περὶ
1215 1547 1545 1605 γυμναστικῆς
1597 1559 1644 1604 p.
1699 1544 1779 1590 75.

93 1613 160 1668 L.
206 1613 299 1667 15.
363 1614 518 1667 ‘Illud
556 1612 594 1666 ὦ
633 1625 819 1681 κοῦφοι
857 1616 1144 1683 ἀσκήτορες,
1183 1616 1354 1669 ἄθλιοι
1393 1618 1594 1686 ἄνδρες,
1633 1626 1781 1684 poeta.

92 1701 167 1748 ita
213 1700 340 1748 dixit
387 1702 446 1747 ut
492 1699 799 1762 significaret
843 1700 1022 1748 merito
1072 1701 1168 1748 dici
1215 1699 1435 1764 ἀθλητὰς
1480 1703 1566 1764 qui
1612 1699 1781 1751 ἄθλιοι

93 1783 273 1830 essent.
352 1781 590 1829 Similiter
636 1781 689 1828 in
734 1782 827 1829 hoc
865 1780 1062 1828 nomine
1102 1785 1152 1828 et
1191 1782 1276 1829 alii
1314 1783 1543 1830 luserunt
1582 1785 1633 1830 et
1670 1782 1780 1843 ipse

93 1860 312 1910 Galenus
347 1878 450 1924 cap.
482 1865 564 1924 11,
605 1867 881 1924 σωματικῆς
920 1857 1008 1923 μὲν
1048 1853 1140 1908 οὖν
1172 1859 1357 1927 ὑγιείας
1387 1858 1529 1910 ’ἕνεκα
1560 1861 1780 1927 φανερὸν

91 1939 158 2002 ὡς
196 1939 346 1992 οὐδὲν
385 1939 501 1991 ἄλλο
541 1940 682 2008 γένος
722 1940 1023 2007 ἀθλιώτερόν
1070 1939 1170 1989 ἐστι
1215 1949 1312 1991 τῶν
1359 1941 1614 2006 ἀθλητῶν,
1662 1938 1773 1992 ὥστ’

93 2021 291 2082 εἰκότως
336 2019 399 2071 ἅν
446 2042 517 2082 τις
562 2023 692 2073 εἴποι
738 2022 938 2086 εὐφυῶς
991 2019 1347 2086 ὀνομάζεσθαι,
1400 2031 1498 2073 τῶν
1545 2022 1777 2088 ἀθλητῶν

24 2130 26 2132 ·
91 2101 622 2169 προσαγορευθέντων,
675 2101 708 2168 ἢ
761 2102 859 2152 ἀπὸ
904 2109 992 2152 τοῦ
1039 2101 1260 2167 ἀθλητοῦ
1306 2102 1397 2167 τὴν
1441 2103 1777 2169 προσηγορίαν

90 2191 188 2233 τῶν
227 2182 421 2233 ἀθλίων
460 2182 758 2249 ἐσχηκότων,
796 2181 829 2248 ἢ
867 2190 1046 2242 κοινῶς
1083 2181 1375 2250 ἀμφοτέρων
1411 2185 1639 2251 καθάπερ
1677 2184 1775 2235 ἀπὸ

94 2271 259 2332 πηγῆς
297 2272 410 2329 μιᾶς
448 2271 533 2330 τῆς
579 2263 870 2327 ἀθλιότητος
909 2261 1286 2328 ὠνομασμένων.
1363 2267 1464 2316 Ubi
1501 2283 1675 2316 vereor
1713 2283 1775 2316 ne

90 2337 310 2396 Galenus
357 2353 453 2395 τῶν
500 2344 735 2410 ἀθλητῶν
781 2343 879 2394 ἀπὸ
926 2351 1013 2394 τοῦ
1052 2342 1232 2395 ἀθλίου
1272 2344 1773 2412 προσαγορευθέντων

88 2428 172 2477 vel
202 2427 355 2477 simili
386 2428 554 2491 aliquo
586 2428 734 2477 modo
767 2421 1054 2488 scripserit'.
1097 2426 1364 2489 HauptiuS.
1434 2422 1502 2478 L.
1533 2422 1607 2476 19
1638 2429 1773 2477 recte

87 2509 140 2556 ni
176 2509 327 2557 fallor
365 2509 519 2557 verba
558 2507 602 2557 εἰ
638 2507 865 2572 βούλεται
903 2507 967 2555 ad
1005 2507 1132 2555 asini
1168 2506 1391 2557 νώθειαν
1430 2503 1513 2575 (cf.
1555 2512 1607 2557 A
1639 2501 1771 2575 559)

0 2613 5 2621 ·
86 2589 243 2638 refert
274 2588 492 2638 Crusius.
553 2583 622 2639 L.
654 2583 734 2637 20
775 2587 960 2653 ἱστορίη
990 2588 1287 2654 πολύπειρος
1317 2593 1436 2639 sunt
1465 2590 1586 2638 fasti
1616 2589 1771 2652 olym-

0 2715 5 2718 .
86 2670 219 2732 piaci
267 2686 438 2719 eorum
484 2670 686 2720 nomina
725 2669 1021 2734 referentes,
1068 2672 1154 2732 qui
1198 2670 1408 2719 multis
1456 2669 1771 2719 conatibus

0 2757 4 2763 ’
89 2750 349 2799 exercitati
377 2752 598 2813 palmam
627 2752 758 2800 ferre
790 2749 1081 2799 didicerunt.
1151 2744 1220 2800 Ia.
1256 2744 1351 2798 22.
1407 2749 1508 2799 Cur
1537 2750 1771 2799 vicesima

0 2826 3 2891 ζ
86 2831 249 2893 prima
286 2831 499 2880 maxime
538 2832 786 2895 olympias
826 2845 857 2878 a
893 2834 1043 2893 poeta
1081 2830 1148 2879 sit
1186 2830 1380 2880 delecta
1416 2830 1649 2880 nescitur.
