2038 3140
887 157 954 162 —
1034 125 1105 178 84
1186 155 1249 162 -
1655 144 1917 179 MA'rRoms

230 265 482 314 Cantrices
513 264 755 311 vocantur
787 261 999 323 squillae
1031 261 1135 310 sive
1162 261 1279 324 quia
1306 277 1452 311 sonos
1479 261 1722 325 quosdam
1747 264 1917 311 acutos

229 350 511 395 crustarum
535 343 662 391 tritu
688 341 832 389 edere
859 341 1022 390 solent
1047 343 1097 390 et
1120 341 1173 389 in
1196 357 1327 404 aqua
1352 342 1587 405 degentes
1618 344 1668 390 et
1699 358 1760 391 ex
1789 357 1919 404 aqua

229 424 416 475 sublati
445 426 575 472 teste
598 421 835 471 Brehmio
867 422 899 468 l.
919 436 954 469 S.
973 422 1004 470 l.
1023 439 1068 483 p.
1091 423 1156 470 23
1192 414 1278 487 (cf.
1296 437 1449 484 supra
1473 439 1517 471 v.
1537 424 1607 471 34
1634 420 1919 486 αὐδήεσσα),

232 508 337 555 sive
377 505 496 567 quia
535 520 647 552 cum
687 503 869 551 crustis
910 517 1133 550 comesae
1173 502 1324 551 flatus
1364 502 1552 551 ventris
1590 502 1818 567 gignunt,
1857 503 1919 552 cf.

229 587 438 635 Rondol.
477 585 502 632 I
540 602 587 646 p.
622 585 743 633 551.
798 583 988 631 Eadem
1027 584 1129 632 fere
1170 583 1419 632 dubitatio
1459 586 1683 632 recurret
1720 585 1772 632 in
1810 585 1919 633 loco

230 667 483 716 simillimo
531 666 591 715 fr.
629 665 679 713 II
721 667 776 726 3,
824 679 922 728 quo
967 664 1202 713 bulbinae
1241 664 1374 714 Iovis
1415 662 1638 727 Olympii
1678 666 1920 714 cantrices

228 748 595 810 praedicantur.
678 746 856 794 Altera
910 747 1043 794 certe
1093 745 1357 807 explicatio
1408 745 1608 809 utrique
1654 746 1762 794 loco
1811 760 1922 795 con-

232 830 370 879 venit
402 829 446 877 si
470 827 614 876 modo
639 826 809 876 Iovem
833 826 1041 888 squillas
1067 828 1118 874 et
1140 826 1373 875 bulbinas
1396 826 1450 874 in
1474 826 1663 875 deliciis
1687 826 1920 875 habuisse

230 911 482 972 volumus3
532 923 658 970 quae
707 908 748 955 si
787 907 867 955 cui
906 906 1069 954 minus
1108 908 1389 956 verecunda
1427 907 1701 970 videbitur,
1749 907 1922 956 audiat

230 990 562 1051 Hermippum
605 988 659 1035 in
695 987 902 1050 parodia
939 986 1194 1035 homerica
1233 1004 1308 1050 ap.
1349 988 1468 1037 Ath.
1507 988 1533 1035 I
1574 991 1640 1037 29
1662 1005 1710 1051 e;
1747 988 1773 1035 I
1815 990 1918 1037 249

230 1071 390 1119 Kock:
431 1068 714 1131 Μενδαῖον,
756 1064 913 1130 <τοῦ>
946 1064 1035 1130 μὲν
1064 1065 1147 1115 καὶ
1186 1066 1546 1134 ἐνουροῦσιν
1585 1067 1698 1118 θεοὶ
1736 1067 1876 1118 αὐτοὶ
1911 1063 1916 1135 l

231 1150 506 1215 στρώμασιν
553 1147 606 1197 ἕν
653 1151 899 1211 μαλακοῖς.
974 1147 1047 1197 Cf.
1095 1149 1248 1197 etiam
1286 1150 1630 1198 Damoxenum
1676 1166 1753 1212 ap.
1801 1150 1919 1198 Ath.

229 1233 305 1279 ΠΙ
349 1232 497 1279 1020
538 1224 633 1295 (IV
667 1230 774 1277 530
805 1222 978 1293 Mein.)
1034 1232 1250 1292 quantae
1299 1231 1577 1279 calamitati
1615 1231 1775 1279 soleat
1814 1245 1920 1280 esse

230 1327 502 1374 coquorum
550 1309 804 1372 imperitia
857 1309 934 1357 his
990 1310 1375 1360 describentem:
1429 1312 1499 1371 τίς
1551 1315 1926 1376 παρακολουθεῖ

229 1399 407 1452 ταῦτα;
447 1396 709 1458 τοιγαροῦν
748 1389 999 1455 στρόφοι
1031 1390 1039 1452 1
1073 1388 1157 1440 καὶ
1193 1392 1526 1456 πνευμάτια
1563 1391 1798 1458 γινόμενα
1835 1391 1922 1442 τὸν

229 1469 529 1537 κεκλημένον
562 1468 570 1536 l
604 1469 971 1535 ἀσχημονεῖν
993 1477 1206 1521 ποιοῦσι.
1249 1471 1383 1538 παρὰ
1416 1469 1461 1522 δ’
1491 1470 1598 1536 ἐμοὶ
1628 1469 1792 1537 τρέφει
1826 1468 1834 1536 Ι
1868 1471 1920 1522 τὸ

229 1551 633 1619 προσφερόμενον
665 1552 839 1616 βρῶμα
868 1549 951 1599 καὶ
988 1551 1270 1602 λεπτύνεται
1304 1548 1310 1618 Ι
1346 1550 1541 1619 ὀρθῶς
1579 1571 1636 1602 τε
1668 1554 1919 1603 διαπνεῖ.

230 1629 300 1684 V.
334 1628 412 1682 64
447 1636 584 1682 certa
614 1632 957 1682 emendatione
997 1633 1051 1681 αἳ
1087 1630 1148 1696 δὴ
1184 1632 1334 1699 γήραϊ
1361 1633 1519 1697 κυφαὶ
1551 1632 1668 1683 ἔσαν
1697 1635 1922 1684 restituit

230 1715 573 1778 Paessensius;
618 1716 820 1776 praeter
859 1715 1140 1776 exemplum
1176 1714 1483 1764 homericum
1522 1716 1554 1779 β
1597 1717 1663 1764 16
1706 1716 1767 1765 cf.
1806 1715 1924 1764 Phi-

230 1797 463 1845 loxenum
500 1796 553 1843 in
584 1793 745 1843 Genae
780 1795 840 1842 fr.
866 1810 942 1857 ap.
968 1794 1087 1844 Ath.
1111 1794 1184 1842 IV
1213 1796 1382 1846 147b:
1421 1795 1618 1860 καρῖδες
1656 1794 1712 1843 αἵ
1744 1794 1921 1858 κυφαί,

229 1877 488 1925 Eubulum
517 1891 595 1938 ap.
627 1875 745 1923 Ath.
777 1875 856 1922 III
882 1877 984 1924 106
999 1891 1048 1938 a3
1087 1875 1139 1923 H
1163 1878 1270 1926 204
1302 1877 1464 1925 Kock:
1506 1874 1713 1940 καρῖδάς
1743 1892 1793 1924 τε
1822 1882 1921 1925 τῶν

231 1963 422 2019 κυφῶν.
498 1956 680 2005 Forma
732 1959 940 2005 curvata
992 1956 1286 2018 squillarum
1335 1958 1544 2006 ridicule
1593 1959 1656 2006 ad
1702 1960 1921 2008 aetatem

230 2036 596 2100 provectiorem
633 2037 862 2085 refertur.
932 2030 1002 2088 V.
1035 2031 1110 2084 65
1153 2053 1347 2099 semper
1385 2038 1508 2086 mihi
1539 2038 1922 2101 languidissima

231 2120 339 2169 visa
372 2120 489 2166 sunt
521 2117 672 2167 verba
703 2114 756 2164 ἕν
788 2113 1011 2180 ἄλλοις,
1044 2134 1156 2167 cum
1188 2118 1523 2167 desiderarem
1548 2119 1920 2169 substantivum

231 2199 364 2261 quod
393 2198 545 2247 maris
577 2197 879 2247 mentionem
912 2198 1189 2247 contineret
1221 2200 1355 2247 caelo
1381 2193 1460 2266 (ἐν
1485 2196 1685 2268 οὐρανῷ
1717 2201 1770 2247 Χ
1789 2199 1919 2262 318)
1951 2262 1957 2267 ⁸

232 2279 471 2342 oppositi3
527 2279 660 2342 quod
711 2281 772 2327 ut
824 2280 1096 2342 reperirem
1147 2280 1272 2328 mihi
1315 2295 1416 2329 non
1470 2280 1695 2344 contigit.
1786 2281 1918 2330 Nam

231 2360 365 2421 quod
403 2359 618 2408 scribere
655 2359 709 2406 in
746 2362 984 2422 promptu
1014 2363 1106 2424 est,
1142 2356 1197 2420 ὃς
1227 2359 1478 2419 κάλλιστος
1509 2358 1563 2409 ἐν
1600 2359 1753 2429 ἅλμῃ
1790 2359 1922 2410 ἵστα·
2006 2422 2010 2424 Ἴ

232 2457 310 2488 ται
350 2437 495 2502 ἰχθύς
527 2433 609 2504 (cf.
641 2455 686 2488 v.
724 2438 837 2502 77),
883 2440 1028 2489 hiatu
1067 2441 1286 2490 offendit.
1356 2441 1455 2490 Sed
1502 2455 1563 2490 ea
1600 2456 1795 2504 quoque
1839 2457 1919 2491 su-

234 2519 386 2582 spicio
425 2519 549 2567 mihi
597 2519 804 2568 suborta
849 2523 927 2569 est
970 2537 1093 2570 num
1129 2522 1292 2571 Matro
1331 2522 1464 2585 apud
1509 2522 1782 2571 Homerum
1821 2524 1920 2583 for-

232 2604 366 2650 tasse
428 2599 610 2662 legerit
661 2595 886 2663 ἕσπερος,
943 2597 999 2659 ὃς
1050 2600 1301 2661 κάλλιστος
1358 2600 1419 2652 ἐν
1480 2598 1680 2661 ἄλλοις
1734 2602 1920 2652 ἳῖῖταται
2020 2631 2021 2634 ¹

233 2678 403 2745 ἀστήρ,
439 2683 500 2729 ut
537 2676 918 2744 ὠκυμορώτατος
949 2678 1109 2730 ἄλλων
1141 2676 1213 2748 (Α
1229 2676 1360 2749 505)
1394 2683 1494 2732 alia
1529 2683 1713 2732 similia
1742 2684 1918 2737 multa.

233 2760 394 2818 Quam
440 2760 790 2825 suspicionem,
837 2763 933 2810 etsi
976 2763 1115 2811 nullo
1155 2763 1326 2812 Iliadis
1366 2764 1493 2813 libro
1535 2780 1687 2813 manu
1730 2765 1915 2827 scripto

235 2840 458 2903 fulcitur,
495 2842 703 2891 reticere
741 2844 911 2897 tamen
947 2842 1100 2892 nolui.
1164 2842 1400 2892 Ceterum
1433 2845 1717 2895 acutissime
1753 2844 1920 2895 Stadt-

234 2920 503 2971 muellerus
550 2918 726 2985 ἑλλοῖς,
773 2923 862 2972 cfr.
901 2922 1307 2972 Titanomachiae
1346 2926 1639 2988 scriptorem
1677 2941 1753 2988 ap.
1794 2925 1917 2977 Ath.
2014 2946 2015 2951 ¹
