2038 3140
11 2640 13 2642 ι
0 2570 9 2622 *μ’

121 105 336 140 TnAsws
783 115 854 122 —
930 86 997 137 41
1084 116 1146 122 —

234 222 542 285 Hegemonis
582 222 864 285 fragmento
912 221 1086 268 multis
1137 236 1254 268 sane
1302 221 1680 270 difficultatibus
1727 222 1817 269 im-

118 304 303 367 plicato
334 304 386 351 in
417 303 574 365 ipsius
599 302 775 364 parodi
799 301 1015 349 mediam
1039 301 1196 350 vitam
1222 304 1480 364 artemque
1505 302 1797 350 deducimur

123 384 344 446 Exponit
383 384 513 432 enim
554 384 734 446 quibus
767 398 879 432 cum
920 382 1236 430 contumeliis
1277 382 1816 446 criminationibusque,

121 480 234 512 cum
272 465 462 512 diutius
510 464 729 513 canendo
769 479 980 526 peregre
1018 465 1287 524 quaestum
1325 463 1546 525 fecisset,
1596 464 1817 512 Thasum

123 544 279 593 redux
307 561 337 593 a
367 546 558 594 civibus
585 548 817 608 exceptus
841 544 1016 606 fuerit;
1050 544 1229 606 quibus
1261 544 1412 592 rebus
1437 545 1559 592 adeo
1586 560 1637 593 se
1662 545 1819 593 fuisse

120 620 375 689 afflictum,
409 629 466 674 ut
498 626 597 675 iam
630 627 763 675 domi
793 625 1088 675 commorari
1120 641 1287 673 secum
1320 626 1672 689 constitueret3
1711 643 1813 675 mo-

117 710 267 755 nente
293 709 465 755 tamen
482 707 708 756 Minerva
730 706 912 755 iterum
938 720 990 753 se
1015 706 1287 753 certamina
1303 706 1499 756 adiisse.
1540 707 1815 755 Verissime

122 790 292 835 autem
331 787 392 834 de
431 788 524 835 hac
562 788 847 836 narratione
887 786 1129 835 iudicavit
1160 785 1454 835 Welandius
1486 805 1531 848 p.
1562 789 1653 850 263
1695 788 1815 836 dicit

122 869 253 917 enim
300 870 351 916 in
397 869 649 931 prooemio
701 869 863 929 operis
916 867 1141 929 parodici
1188 867 1350 916 videri
1404 868 1547 915 illam
1600 868 1818 929 positam

118 949 273 998 fuisse
286 944 344 1014 ¹),
385 964 483 1011 qua
514 949 590 1011 iis,
631 948 719 1010 qui
749 949 963 996 fortasse
987 947 1172 996 famem
1196 947 1545 1010 Hegemoneae
1577 949 1702 996 artis
1735 965 1815 997 ex-

122 1030 313 1078 stitisse
329 1031 626 1094 magistram
643 1029 973 1092 dictitassent,
988 1044 1088 1077 non
1103 1029 1264 1078 invita
1281 1044 1334 1076 se
1354 1029 1579 1077 Minerva
1596 1031 1816 1078 carmina

123 1125 416 1172 componere
446 1110 704 1158 indicaret.
760 1109 902 1166 Quod
932 1108 1045 1157 ideo
1068 1109 1340 1157 tenendum
1365 1112 1456 1173 est,
1486 1125 1549 1158 ne
1575 1111 1684 1172 quis
1709 1111 1813 1158 ani-

120 1208 258 1239 mum
287 1191 492 1239 inducat
529 1186 626 1240 hoc
665 1206 724 1238 ex
760 1191 1043 1252 fragmento
1085 1189 1204 1238 satis
1246 1190 1429 1238 serium
1461 1193 1812 1253 argumentum

116 1273 367 1320 tractante
409 1286 579 1319 veram
616 1270 855 1333 parodiae
886 1271 1238 1333 Hegemoneae
1268 1271 1514 1319 rationem
1547 1273 1698 1334 atque
1728 1286 1814 1319 na-

116 1354 284 1399 turam
331 1352 651 1414 adumbrare,
700 1367 826 1413 quae
871 1367 959 1412 per
1005 1351 1096 1398 hos
1142 1366 1315 1399 versus
1353 1367 1455 1399 non
1499 1352 1667 1413 potuit
1714 1353 1813 1401 nisi

115 1448 229 1480 raro
262 1447 525 1494 apparere3
565 1434 871 1494 quantopere
911 1432 1043 1479 enim
1081 1432 1201 1480 iocis
1240 1432 1535 1494 facetiisque
1578 1433 1669 1480 illa
1711 1448 1812 1481 sca-

115 1514 274 1562 tuerit
305 1530 366 1562 ex
396 1514 459 1562 iis
492 1513 641 1562 debet
671 1511 841 1577 colligi
872 1528 999 1576 quae
1023 1512 1083 1561 de
1109 1511 1553 1575 Gigantomachiae
1578 1529 1812 1562 successu

117 1594 401 1643 traduntur.

244 1780 287 1835 1)
323 1778 607 1834 Obloquitur
629 1775 880 1821 Welandio
905 1775 1138 1820 Prellerus
1166 1777 1197 1821 1.
1222 1776 1253 1821 1.
1277 1792 1324 1834 p.
1351 1781 1405 1822 79
1424 1791 1506 1833 sq„
1540 1777 1667 1832 quod
1691 1777 1811 1823 Cha-

118 1845 300 1889 maeleo
341 1843 559 1900 ap.,Ath.
593 1843 657 1886 IX
695 1847 818 1888 4060
857 1844 943 1895 hos
983 1857 1144 1888 versus
1186 1843 1365 1900 positos
1403 1844 1550 1888 fuisse
1591 1845 1722 1889 dicat
1760 1843 1810 1889 ἔν

121 1926 214 1954 τινι
246 1916 337 1954 τῶν
368 1911 636 1970 παρῳδιῶν.
700 1909 826 1962 Quae
856 1909 1002 1953 verba
1029 1923 1125 1953 non
1154 1910 1410 1967 premenda
1447 1924 1548 1957 esse
1582 1911 1698 1956 satis
1730 1924 1810 1967 ap—

117 1977 255 2032 paret
283 1975 563 2033 praesertim
593 1975 643 2018 in
675 1975 1052 2021 chamaeleonte.
