2038 3140
131 138 447 171 FRAGMENTA
775 149 834 154 —
923 119 1023 171 183
1110 149 1167 157 —

130 257 323 314 habita,
371 257 423 302 in
469 255 658 302 citharo
708 270 901 316 quoque
952 255 1065 302 albo
1113 255 1470 317 magnitudinis
1511 256 1814 305 mentionem

128 337 237 386 fieri
276 336 574 384 desiderans.
652 329 720 383 V.
764 330 819 385 3.
873 336 985 384 Non
1031 336 1195 397 placet
1234 335 1365 397 quod
1403 336 1680 385 Meinekius
1720 354 1811 399 pro

129 416 248 481 βαιὰ
288 417 496 465 coniecit
534 415 639 477 καί,
696 431 809 463 oum
854 432 951 465 non
998 417 1107 478 pari
1152 417 1258 464 iure
1306 419 1516 465 utantur
1561 418 1722 466 muria
1764 422 1814 467 et

126 514 256 560 quae
286 499 337 545 in
371 512 428 545 ea
455 499 632 544 natant
655 497 789 543 folia.
851 496 1027 558 Itaque
1054 496 1231 559 scripsi
1254 497 1392 559 κατά,
1426 499 1482 544 ut
1505 499 1814 561 praeciperet

128 581 277 640 poeta
315 578 561 626 citharum
609 579 660 624 in
705 576 867 625 min-ia
914 579 1004 626 sub
1044 578 1177 625 foliis
1218 579 1527 626 condendum
1568 594 1696 642 esse3
1752 580 1812 628 of.

128 659 313 707 XXXV
355 661 400 707 8.
481 657 918 718 [Stadtmuellerns
957 658 1189 720 proponit
1229 657 1310 706 διὰ
1349 657 1547 720 φύλλα]

241 739 427 787 XXXII
481 738 607 786 Vide
649 754 799 800 supra
837 755 884 799 p.
920 740 1037 786 137.

238 820 454 867 XXXIII
507 814 573 868 V.
602 814 655 868 2.
705 818 802 866 Cfr.
830 818 957 866 Plat.
982 819 1191 867 Phaedr.
1223 836 1268 880 p.
1301 821 1470 868 247b:
1513 819 1628 869 ὅταν
1662 819 1714 870 δὲ
1749 820 1810 885 δὴ

123 899 248 966 πρὸς
288 901 428 949 δαῖτα
467 897 549 947 καὶ
587 897 666 947 ἐπὶ
703 898 887 961 θοίνην
927 898 1066 946 ἴωσιν
1098 893 1174 964 (οἱ
1199 892 1354 965 θεοί),
1394 897 1551 964 ἄκραν
1590 899 1688 950 ὑπὸ
1720 900 1811 965 τὴν

126 980 441 1045 ’ὑπουρανίαν
482 977 642 1042 ἁψῖδα
682 978 986 1043 πορεύονται.
1051 979 1176 1027 Vide
1215 980 1421 1029 Anthol.
1454 982 1560 1030 Pal.
1592 983 1663 1030 IX
1694 986 1815 1041 208,

129 1058 218 1110 eEt
257 1065 374 1110 ante
415 1078 461 1110 v.
497 1063 526 1110 3
569 1063 620 1108 et
650 1064 766 1108 ante
798 1077 843 1108 v.
877 1061 910 1107 4
941 1060 1140 1109 videtur
1172 1076 1278 1109 esse
1310 1062 1506 1111 lacuna.
1563 1063 1816 1113 Abhorret

126 1145 260 1193 enim
306 1158 457 1206 quam
503 1142 716 1190 maxime
766 1157 795 1188 a
839 1142 1018 1202 poetae
1063 1141 1419 1190 consuetudine
1458 1144 1590 1205 quod
1629 1145 1689 1193 de
1729 1162 1815 1208 ap·

126 1225 335 1287 parandi
387 1222 537 1270 huius
591 1222 742 1283 piscis
797 1220 992 1269 ratione
1053 1237 1114 1269 ne
1167 1223 1320 1271 verbo
1376 1224 1576 1286 quidem
1629 1226 1815 1289 addito,

126 1306 361 1367 quoniam
401 1303 498 1351 emi
538 1306 687 1364 caput
726 1303 832 1349 eius
872 1301 1032 1361 iussit,
1075 1302 1246 1349 statim
1279 1302 1421 1351 docet-
1454 1305 1670 1354 calidum
1701 1323 1816 1355 eum

126 1384 474 1448 apponendum
514 1398 646 1443 esse3
702 1398 792 1430 nee
838 1397 937 1430 non
984 1382 1215 1444 displicet
1261 1383 1390 1431 idem
1435 1385 1644 1434 verbum
1684 1388 1816 1449 quod

126 1470 206 1515 est
222 1463 376 1513 αὐτοῦ
400 1464 669 1525 repetitum
689 1464 740 1510 in
757 1463 990 1511 extremis
1008 1464 1234 1511 versibus
1254 1466 1284 1512 3
1305 1468 1356 1512 et
1373 1460 1426 1512 4⁹
1447 1461 1814 1535 (Ribbeokius).

125 1548 315 1595 Tamen
344 1545 683 1592 necessarium
714 1559 814 1592 non
845 1545 921 1592 est
952 1543 1182 1591 lacunam
1207 1547 1263 1592 ut
1289 1547 1585 1610 statuamus,
1618 1548 1814 1596 aurium

129 1643 246 1676 vero
287 1625 490 1675 offensio
530 1626 584 1672 in
616 1625 829 1686 repetito
860 1624 1150 1686 pronomine
1181 1622 1335 1674 αὐτοῦ
1365 1626 1513 1690 longe
1547 1631 1816 1690 superatur

128 1725 189 1758 ea
229 1724 378 1771 quam
415 1710 566 1769 poeta
605 1705 807 1753 admisit
844 1705 904 1754 fr.
943 1704 983 1751 L
1024 1701 1218 1768 ἄριστος
1247 1732 1321 1739 -
1350 1706 1619 1771 Κάρυστος.

236 1788 448 1837 XXXIV
497 1782 565 1836 V.
594 1782 650 1835 3.
693 1785 891 1848 Optime
917 1785 977 1833 de
1002 1786 1094 1833 hoc
1117 1801 1265 1834 versu
1289 1787 1473 1836 meruit
1495 1789 1814 1852 R-ibbeokius,

126 1872 212 1934 qui
257 1871 470 1919 formam
518 1865 671 1932 ὄρκυν
721 1869 896 1916 tuetur
944 1867 1118 1914 eadem
1170 1869 1355 1916 vocalis
1402 1887 1434 1916 υ
1488 1870 1814 1931 productione

123 1952 258 2014 apud
297 1950 570 2000 Homerum
622 1946 824 2012 Φόρκυν
872 1949 915 1994 Ρ
941 1948 1070 2010 218,
1112 1948 1242 2008 318,
1296 1948 1573 1998 Hesiodum
1625 1950 1820 2015 Φόρκυϊ

0 2076 4 2102 ἶ
125 2034 295 2096 theog.
345 2034 475 2091 270,
529 2030 915 2078 Archestratum
962 2026 1112 2091 ἰχθὺν
1151 2027 1220 2087 εἰς
1259 2027 1358 2078 αἰεί
1403 2031 1462 2079 fr.
1502 2031 1722 2081 XXVIII
1767 2037 1816 2099 2,

125 2113 303 2162 deinde
342 2109 510 2159 ἄλλοτε
549 2109 687 2159 dedit
724 2124 815 2171 pro
848 2104 988 2157 ἄλλοι
1017 2123 1291 2169 provocans
1325 2112 1387 2159 ad
1420 2111 1705 2161 Sostratum
1735 2130 1814 2178 ap.

0 2187 3 2202 '
126 2195 244 2243 Ath.
285 2192 381 2240 VII
424 2190 597 2240 303b:
643 2187 934 2253 Σώστρατος
973 2182 1018 2236 δ’
1055 2185 1109 2236 ἐν
1148 2186 1356 2257 δευτέρῳ
1395 2188 1504 2255 περὶ
1543 2187 1686 2262 ζῴων
1722 2192 1815 2257 τὴν

124 2272 394 2338 πηλαμύδα
448 2269 669 2319 θυννίδα
722 2271 980 2318 καλεῖσθαι
1032 2264 1182 2334 λέγει,
1243 2270 1387 2333 μείζω
1440 2267 1493 2320 δὲ
1546 2271 1815 2338 γινομένην

126 2354 344 2417 θύννον,
382 2350 449 2401 ἔτι
489 2348 542 2399 δὲ
581 2350 779 2414 μείζονα
800 2346 1040 2413 ὄρκυνον,
1078 2346 1486 2414 ὑπερβαλλόντως
1518 2349 1572 2401 δὲ
1603 2353 1813 2414 αὐξανό-

125 2453 280 2499 μενον
302 2434 531 2501 γίνεσθαι
554 2437 718 2494 κῆτος,
750 2430 960 2492 denique
989 2432 1130 2488 θεοῖς
1161 2435 1450 2494 corruptum
1482 2449 1592 2483 esse
1625 2435 1815 2502 docuit3

125 2532 287 2579 neque
327 2515 459 2564 enim
499 2512 618 2575 quid
658 2512 734 2559 dis
774 2509 942 2559 offerri
973 2509 1176 2559 deberet
1206 2511 1563 2564 Archestratus
1594 2517 1813 2566 carmine

127 2612 217 2645 suo
250 2596 491 2655 docuisse,
524 2593 610 2642 sed
641 2591 761 2654 quid
789 2605 886 2654 quo
917 2592 1145 2652 tempore
1167 2591 1255 2640 ubi
1277 2595 1527 2642 terrarum
1551 2596 1814 2646 emendum

127 2681 181 2726 et
234 2691 332 2739 qua
385 2673 603 2738 quidque
649 2672 844 2720 ratione
890 2670 1234 2733 apparandum
1279 2671 1548 2722 videretur.
1634 2675 1813 2740 Itaque

126 2755 360 2820 proponit
387 2750 567 2818 θέρευς
598 2752 792 2801 collatis
821 2750 1012 2799 XXXII
1044 2753 1075 2800 2
1114 2748 1310 2815 θέρευς,
1347 2752 1533 2800 XXXV
1567 2757 1593 2802 1
1630 2760 1813 2818 φθινο-

126 2835 326 2902 πώρου,
363 2834 579 2883 XXXIII
621 2837 646 2880 1
699 2830 751 2880 ἐν
797 2827 947 2895 θέρει.
1020 2830 1195 2880 Potest
1239 2832 1392 2881 etiam
1435 2833 1592 2884 fuisse
1635 2835 1813 2887 τούτου

127 2914 303 2982 θέρεος
355 2914 444 2980 χρή
463 2950 479 2978 ,
539 2915 600 2962 ut
652 2912 954 2961 Ribbeckius
1005 2911 1067 2959 fr.
1122 2912 1312 2961 XXXII
1368 2915 1397 2962 2
1452 2913 1580 2978 legit
1630 2917 1814 2984 ταύτην
