2038 3140
104 134 392 169 P1TANAnvs
768 143 830 151 —
911 114 983 167 55
1060 143 1129 151 —

102 252 316 315 permire
346 251 536 300 factum
566 250 698 312 quod
727 251 844 300 licet
878 251 999 299 satis
1032 251 1193 298 multa
1224 249 1507 312 exciderint,
1539 265 1601 298 ne
1633 265 1790 298 unum

102 333 303 395 quidem
335 348 394 380 ex
431 331 593 380 tribus
633 331 734 381 illis
774 332 1067 396 fragmentis
1109 331 1221 380 aliis
1261 332 1381 380 locis
1424 331 1484 380 ab
1528 330 1788 380 Athenaeo

102 414 282 462 adlatis
314 413 367 461 in
398 414 614 462 carmine
645 414 753 476 ipso
787 429 983 476 quoque
1006 414 1220 475 legatur.
1282 412 1491 461 Accedit
1521 412 1653 474 quod
1677 427 1790 460 cum

100 495 162 542 fr.
199 495 249 542 II
294 497 443 557 poeta
482 495 714 544 convivas
760 496 892 543 inter
940 510 992 543 se
1039 494 1379 556 colloquentes
1425 493 1650 554 inducat,
1697 508 1790 555 per

99 578 261 625 totum
286 591 500 633 carmen,
525 575 576 623 id
601 576 733 638 quod
755 578 889 625 recte
913 575 1107 623 monuit
1130 575 1382 623 Peltzerus
1407 591 1453 636 p.
1475 576 1558 633 64,
1591 575 1788 622 nullum

97 657 339 707 eiusmodi
364 658 603 706 sermonis
628 658 895 720 vestigium
917 655 1195 717 indagabis.
1243 655 1340 703 Sed
1363 656 1490 704 hanc
1521 658 1786 718 utramque

95 753 202 787 rem
226 738 547 800 epitomatori
568 739 642 786 illi
667 738 794 787 sexti
808 738 890 786 vel
906 738 1108 800 septimi
1132 738 1316 785 saeculi
1332 737 1580 799 imputare
1603 738 1783 800 possiS,

96 819 183 881 qui
220 820 406 881 partim
444 834 617 868 versus
664 819 715 867 in
760 817 1012 882 prioribus
1057 817 1200 865 libris
1247 817 1348 864 iam
1395 818 1590 866 adlatos
1633 811 1715 883 (fr.
1757 817 1782 864 I

94 900 223 948 libro
262 900 313 947 H
355 901 480 963 62c3
526 900 585 948 fr.
626 900 678 948 II
716 901 844 950 libro
882 900 934 948 ΙΙ
977 902 1102 962 6403
1149 900 1209 948 fr.
1248 898 1328 946 III
1367 898 1495 947 libro
1535 899 1613 946 III
1656 893 1785 964 73e)

96 980 338 1043 omiserit,
390 981 573 1042 partim
621 996 763 1029 omne
811 980 1132 1030 convivarum
1188 981 1491 1042 colloquium
1548 973 1638 1046 (fr.
1680 973 1784 1047 IV)

94 1060 356 1110 brevitatis
388 1076 538 1110 causa
568 1062 854 1110 resecuerit.
917 1061 1059 1119 Quod
1082 1078 1201 1127 ἵετο
1230 1061 1583 1124 gravissimum
1614 1061 1782 1110 visum

93 1143 173 1190 est
195 1141 441 1191 Meinekio
467 1145 832 1205 argumentum,
863 1145 921 1191 ut
943 1143 1034 1190 illa
1055 1143 1340 1205 fragmenta
1364 1157 1424 1189 ex
1447 1142 1540 1191 hoc
1565 1142 1782 1190 carmine

92 1223 210 1271 olim
235 1223 391 1272 multo
417 1223 656 1285 ampliore
682 1223 945 1286 desumpta
968 1238 1076 1271 esse
1100 1224 1319 1286 putaret,
1343 1221 1395 1269 id
1418 1222 1692 1284 plurimum
1717 1222 1783 1270 ad

91 1303 227 1351 illius
262 1304 559 1352 sententiam
591 1303 877 1351 diluendam
907 1304 1057 1352 valet.
1118 1303 1323 1351 Summa
1354 1303 1483 1351 enim
1514 1303 1783 1352 verborum

91 1383 368 1432 similitudo
401 1383 686 1445 fragmento
717 1383 768 1430 II
808 1399 919 1431 cum
952 1383 1179 1433 Convivii
1208 1384 1438 1433 versibus
1475 1385 1540 1431 16
1585 1378 1782 1450 (ὄστρεα

90 1458 445 1531 μυελόεντα)
472 1466 522 1512 et
549 1465 614 1512 18
642 1456 791 1530 (ΝΗ
817 1458 892 1531 2),
927 1466 992 1513 63
1021 1458 1172 1531 (ΝΠ
1197 1459 1270 1530 3),
1297 1466 1411 1526 5sq.
1438 1457 1522 1528 (ω
1538 1463 1589 1511 11
1618 1466 1646 1512 5
1669 1457 1778 1530 ὃς),

89 1544 371 1608 fragmento
387 1544 465 1592 III
482 1560 596 1593 cum
613 1543 846 1594 Convivii·
854 1544 1014 1594 Attici
1029 1546 1256 1595 versibus
1275 1547 1342 1595 36
1356 1561 1426 1608 sq.
1447 1538 1529 1611 (ω
1542 1545 1620 1593 III
1640 1547 1666 1593 1
1683 1539 1778 1611 sq.)

88 1625 376 1689 intercedit,
416 1641 530 1674 cum
567 1625 728 1674 eidem
766 1626 1020 1690 utrimque
1058 1642 1231 1677 versus
1270 1626 1509 1675 homerici
1546 1627 1780 1689 parodice

88 1707 494 1768 detorqueantur.
505 1699 548 1772 1)
602 1706 738 1755 Haec
767 1707 925 1769 igitur
955 1708 1240 1773 fragmenta
1271 1723 1383 1756 cum
1407 1708 1686 1758 Meinekius
1715 1708 1781 1756 ad

89 1785 385 1837 Convivium
423 1787 650 1836 Atticum
686 1788 898 1848 referat,
935 1788 1061 1838 miro
1100 1789 1189 1838 illo
1229 1788 1495 1839 verborum
1533 1803 1781 1838 consensu

87 1869 347 1931 tamquam
377 1870 675 1931 argumento
707 1868 869 1916 utitur
901 1885 996 1931 quo
1028 1870 1188 1918 multo
1220 1869 1461 1918 maiorem
1487 1869 1778 1931 comprobet

77 1933 320 1998 'carminis
351 1950 488 1999 illius
513 1950 759 1999 ambitum
783 1950 940 1999 fuisse
972 1966 1124 2014 quam
1155 1951 1217 1999 ab
1242 1950 1503 1999 Athenaeo
1538 1953 1671 2000 esset
1695 1966 1776 2000 ex-

87 2029 325 2094 hibitum3
363 2031 416 2079 in
439 2034 544 2079 tam
568 2031 710 2082 brevi
734 2031 866 2080 enim
890 2033 1106 2081 carmine
1131 2048 1279 2095 quem
1306 2047 1544 2095 umquam
1573 2034 1778 2095 poetam

5 2125 11 2131 ·
86 2110 359 2160 eorundem
379 2113 738 2173 propemodum
759 2127 997 2162 versuum
1018 2114 1310 2162 iterationes
1334 2113 1427 2162 sibi
1452 2111 1775 2175 permisisse?

88 2191 187 2240 Sed
225 2191 553 2239 concedamus
592 2191 838 2240 ambitum
869 2190 1094 2241 Convivii
1130 2193 1290 2242 multo
1324 2192 1480 2241 fuisse
1511 2193 1775 2256 maiorem,

87 2274 146 2320 ut
182 2270 473 2319 iterationes
519 2271 636 2320 illae
675 2286 705 2319 a
742 2271 988 2321 Meinekio
1021 2273 1229 2321 carmini
1258 2273 1445 2322 inlatae
1477 2275 1639 2323 minus
1671 2290 1774 2323 mo·

0 2379 2 2384 ·
86 2344 244 2402 lestae
269 2351 468 2401 fierent:
500 2352 601 2400 iam
623 2353 765 2402 novis
785 2353 1102 2416 implicamur
1126 2353 1524 2405 difficultatibus.
1573 2354 1775 2404 Etenim

85 2434 426 2496 fragmentum
463 2431 515 2480 II
561 2432 605 2482 si
649 2434 795 2483 modo
840 2434 904 2483 ad
944 2433 1239 2484 Convivium
1276 2434 1504 2483 Atticum
1542 2436 1764 2497 pertinet

83 2529 186 2563 non
222 2515 392 2576 potest
428 2512 548 2562 illuc
585 2514 740 2564 inseri
777 2515 876 2565 nisi
905 2517 1021 2565 ante
1052 2532 1132 2565 vv.
1159 2516 1393 2578 14—16,
1433 2515 1612 2578 quibus
1644 2532 1774 2566 com-

0 2626 4 2663 5
82 2595 427 2642 memorantur
472 2609 747 2657 asparagus
794 2598 846 2644 et
889 2595 1054 2658 bulbi;
1109 2611 1226 2661 ergo
1266 2596 1534 2658 postremis
1574 2597 1771 2647 duobus

207 2727 250 2783 1)
283 2724 416 2779 Quod
446 2740 676 2782 nusquam
708 2726 763 2771 fit
791 2740 875 2784 per
909 2729 1064 2773 totum
1102 2741 1292 2774 carmen
1320 2728 1462 2785 quale
1492 2742 1614 2773 nunc
1646 2742 1771 2774 com-

79 2793 301 2850 paratum
340 2793 432 2848 est,
481 2806 592 2838 nam
621 2806 683 2837 ne
711 2808 755 2838 v.
788 2798 846 2839 20
883 2794 1075 2851 quidem
1106 2796 1154 2840 et
1183 2810 1226 2839 v.
1259 2799 1318 2840 86
1347 2794 1430 2850 qui
1459 2796 1512 2839 ut
1542 2809 1665 2839 nunc
1695 2809 1769 2841 res

83 2870 136 2903 se
165 2857 312 2902 habet
343 2857 402 2902 ab
425 2857 577 2902 isdem
598 2858 755 2904 verbis
781 2856 832 2905 ἐν
855 2863 1056 2921 καθαρῷ
1087 2859 1334 2919 incipiunt,
1366 2860 1556 2906 eosdem
1577 2861 1772 2908 Homeri

83 2924 211 2971 locos
241 2926 460 2983 tangunt,
493 2925 577 2971 sed
607 2925 690 2971 ill'e
727 2929 778 2970 Ψ
796 2930 867 2984 61,
898 2926 976 2972 hic
1006 2931 1053 2972 K
1073 2932 1172 2974 199.
