2038 3140
69 131 355 166 GONVIVIVM
394 127 626 162 ATTICVM
736 137 798 144 —
880 106 947 160 81
1031 135 1097 142 -

69 240 139 298 V.
182 241 279 297 44.
325 244 655 310 Τρισπίθαμοι
693 259 754 292 ex
791 242 999 291 Hesiodi
1039 240 1129 303 Op.
1161 243 1268 291 428
1310 242 1623 304 desumptum
1667 245 1756 290 est.

71 328 132 378 V.
158 330 227 376 44
247 343 352 389 sqq.
382 326 446 375 ad
471 325 717 388 anguillas
744 322 986 386 Copaides
1014 322 1262 371 referendi
1293 325 1424 384 sunt,
1458 337 1759 385 quamquam

71 409 352 471 exemplum
398 408 703 456 homericum
751 405 813 453 ad
860 403 983 453 duos
1031 403 1255 453 homines
1303 406 1496 465 spectat
1537 403 1758 466 Aloidas,

71 489 224 539 Otum
271 492 322 537 et
360 488 665 551 Ephialtem.
739 486 999 535 Rariorem
1037 485 1423 534 Homeridarum
1470 501 1617 534 usum
1656 485 1759 534 Ma-

71 575 266 620 tronem
297 586 397 618 non
435 570 696 632 ignorasse
729 566 994 629 suspiceris
1030 569 1236 628 propter
1264 582 1531 616 numerum
1562 567 1761 615 dualem

71 648 317 717 γενέσθην
377 667 436 699 ex
494 653 519 698 λ
561 652 667 699 312
720 648 956 697 ascitum:
1029 647 1191 696 dualis
1247 648 1379 696 enim
1436 664 1526 710 pro
1577 648 1762 710 plurali

71 733 267 796 positus
307 733 386 779 est
424 732 591 794 hymn.
623 730 715 791 Ap.
748 730 870 788 456,
904 730 1027 788 487,
1059 729 1182 777 499.
1259 722 1329 777 V.
1363 722 1441 776 46
1483 728 1763 778 Casauboni

73 813 359 862 coniectura
403 809 526 860 κατὰ
571 808 735 876 στέγος
780 810 906 858 nihil
945 809 1098 857 habet
1136 809 1450 872 festivitatis,
1498 826 1596 872 qua
1640 808 1764 858 κατὰ

74 894 235 957 στίχας
267 894 309 942 si
342 892 516 942 scribis
548 892 869 941 convivarum
901 890 1099 939 ordines
1132 906 1243 938 cum
1267 890 1371 939 acie
1396 894 1763 953 comparantur.

73 970 140 1024 V.
173 968 251 1022 49
285 969 370 1022 ἀπ’
415 971 640 1037 Εὐβοίας
678 970 909 1030 λοπάδες;
949 971 1147 1033 patinas
1172 968 1428 1033 Carystias
1465 972 1763 1035 intellegen-

75 1057 164 1105 das
219 1071 328 1105 esse
384 1054 673 1104 observavit
722 1052 1047 1101 Casaubonus
1107 1052 1288 1100 collato
1343 1051 1631 1115 Antiphane
1686 1069 1761 1116 ap.

77 1136 192 1185 Ath.
224 1135 298 1182 IV
333 1136 474 1184 169e
498 1135 523 1182 f
557 1128 633 1200 (Π
666 1135 733 1182 85
767 1126 953 1199 Kock):
991 1131 1255 1196 Καρύστου
1287 1129 1505 1197 θρέμμα,
1535 1133 1763 1200 γηγενής,

75 1212 210 1275 ζέων.
251 1241 321 1248 -
367 1214 621 1278 κάκκαβον
665 1210 800 1278 λέγω.
880 1211 941 1261 σὺ
989 1208 1034 1261 δ’
1086 1211 1202 1272 ἴσως
1248 1210 1312 1261 ἂν
1356 1213 1513 1273 εἴποις
1556 1215 1764 1264 λοπάδα.

74 1291 144 1346 V.
187 1291 284 1346 50.
336 1296 462 1344 Plin.
503 1296 562 1343 N.
604 1296 666 1343 H.
705 1295 776 1343 IX
817 1296 908 1344 84:
959 1290 1176 1359 ‘Lolligo
1217 1295 1368 1343 etiam
1406 1296 1586 1345 volitat
1623 1299 1766 1346 extra

76 1393 257 1440 aquam
298 1393 350 1425 se
390 1377 623 1438 efferens,
670 1375 801 1437 quod
841 1378 892 1424 et
928 1375 1211 1436 pectunculi
1247 1375 1459 1437 faciunt,
1499 1377 1765 1439 sagittae

74 1453 256 1508 modo'.
332 1457 454 1506 Inde
500 1455 784 1519 ποδήνεμος
830 1459 881 1504 et
926 1452 1054 1503 ὠκέα
1101 1456 1385 1518 appellatur
1438 1458 1625 1507 teuthis
1679 1453 1766 1526 (cf.

76 1539 247 1601 Epich.
288 1554 365 1600 ap.
405 1537 524 1586 Ath.
565 1537 665 1585 VII
705 1538 811 1586 318
825 1553 873 1600 e3
919 1554 967 1599 p.
1009 1538 1113 1586 235
1155 1537 1366 1587 Lorenz:
1413 1537 1623 1587 ποταναὶ
1660 1557 1768 1589 τευ-

75 1613 260 1685 θίδες),
290 1619 387 1668 Iris
418 1620 624 1681 propter
654 1619 844 1668 colores
878 1617 1165 1680 splendidos
1189 1619 1454 1681 praecipue
1477 1637 1769 1684 purpureOS‚

78 1701 139 1750 cf.
179 1699 468 1748 Brehmium
505 1700 536 1748 1.
568 1700 602 1749 l.
641 1717 688 1762 p.
730 1701 852 1749 208.
927 1694 996 1749 V.
1039 1693 1134 1749 51.
1189 1700 1370 1749 Percas
1407 1701 1559 1750 variis
1598 1703 1771 1751 colori—

78 1782 172 1830 bus
213 1781 432 1844 insignes
472 1777 640 1839 αἰόλας
677 1783 824 1830 vocat
857 1781 1188 1843 Epicharmus
1221 1797 1299 1842 ap.
1329 1781 1447 1830 Ath.
1474 1782 1571 1830 VII
1598 1785 1701 1832 319
1714 1784 1768 1847 b3

77 1879 125 1925 p.
153 1864 257 1911 236
291 1862 493 1910 Lorenz.
555 1861 779 1910 Verbum
819 1858 1167 1926 ἀνθεσίχρως
1205 1864 1283 1910 est
1320 1860 1451 1921 ἅπαξ
1481 1862 1769 1928 λεγόμενον;

80 1943 168 1992 sed
198 1942 257 1991 cf.
283 1942 488 2005 Antiph.
514 1958 592 2004 ap.
617 1942 737 1991 Ath.
760 1941 880 1991 XIV
907 1943 1055 1992 634d
1087 1937 1163 2008 (II
1189 1945 1291 1992 102
1319 1939 1482 2010 Kock)
1511 1944 1773 1994 Philoxeni

78 2022 431 2085 dithyrambici
476 2019 882 2071 ἀνθεσιπότατα
920 2019 1065 2086 μέλεα
1102 2024 1406 2074 laudantem.
1478 2025 1770 2075 Melanurus

0 2151 3 2154 .
78 2119 193 2152 cum
221 2103 447 2165 plebeius
486 2103 792 2167 appelletur,
829 2104 1028 2153 videtur
1065 2104 1198 2154 inter
1234 2106 1361 2154 viles
1398 2106 1562 2168 pisces
1601 2107 1770 2156 fuisse.

0 2198 3 2228 e
78 2178 150 2234 V.
184 2178 259 2232 52
301 2183 430 2232 sicut
458 2199 504 2232 v.
531 2185 598 2232 35
631 2185 895 2246 proverbio
926 2185 1090 2234 utitur
1118 2188 1288 2247 poeta,
1327 2186 1446 2234 Ath.
1470 2186 1567 2235 VH
1606 2189 1771 2236 3190:

0 2275 11 2321 μ’
79 2261 164 2312 καὶ
192 2262 432 2327 παροιμία
463 2259 517 2316 ,δέ
547 2260 696 2312 ἔστιν·
729 2259 911 2313 εἕπειάι
933 2261 1088 2330 πέρκη
1112 2261 1442 2334 μελανούρῳ’;
1480 2268 1540 2315 cf.
1564 2267 1770 2330 Antiph.

0 2327 10 2350 Γ
81 2360 159 2406 ap.
191 2344 309 2392 Ath.
349 2343 395 2391 X
427 2346 593 2407 45Oc3
632 2345 682 2393 II
717 2347 783 2394 92
819 2345 977 2395 Kock:
1015 2343 1294 2411 βουλομένη
1335 2342 1381 2396 δ’
1417 2344 1581 2397 ἕπεται
1616 2346 1770 2414 πέρκη

0 2445 9 2457 ³
79 2423 383 2495 μελανούρῳ.
422 2425 592 2474 Pisces
614 2425 730 2475 illos
755 2426 992 2476 societate
1018 2428 1233 2490 quadam
1263 2428 1317 2476 in
1347 2428 1559 2491 piscium
1590 2446 1773 2494 genere

81 2505 216 2555 haud
234 2521 350 2555 rara.
370 2506 604 2568 coniungi
621 2506 765 2556 docet
781 2507 935 2557 etiam
949 2508 1228 2558 Numenius
1246 2503 1346 2575 (ap.
1357 2509 1587 2559 Ath.VII
1602 2506 1771 2578 3200)

82 2586 300 2636 Halieut.
341 2587 402 2636 fr.
446 2589 512 2637 18
531 2587 595 2637 B:
633 2583 859 2651 πέρκαισι
893 2588 1188 2656 καθηγητὴν
1230 2590 1552 2657 μελάνουρον.
1622 2591 1774 2655 Apud

85 2665 319 2716 Ovidium
356 2683 553 2731 quoque
585 2661 720 2733 (Hal.
749 2670 852 2718 112
871 2664 968 2737 sq.)
1001 2687 1173 2734 percas
1210 2689 1312 2722 non
1346 2673 1447 2723 nisi
1475 2673 1636 2736 tragis
1676 2673 1774 2723 dis·-

83 2747 285 2804 iunctus
317 2747 543 2811 sequitur
575 2743 742 2798 ‘laude
768 2749 978 2815 insignis
1001 2753 1189 2803 caudae
1210 2747 1536 2802 melanurus'.
1581 2747 1650 2803 V.
1676 2747 1773 2804 53.

84 2826 147 2884 In
185 2828 324 2877 exitu
353 2844 531 2879 versus
561 2826 770 2894 τευχέων
801 2831 1018 2896 offendit,
1058 2834 1228 2896 inepte
1258 2834 1391 2881 enim
1419 2833 1574 2896 vulgo
1605 2832 1775 2900 τεύχεα

84 2908 404 2972 interpretati
442 2913 560 2960 sunt
604 2905 857 2961 ‘membra
895 2914 1116 2964 abscissa
1125 2908 1158 2975 ',
1204 2915 1463 2977 tamquam
1506 2917 1777 2965 mem-bra

176 2996 358 3039 Corpusc.
381 2999 413 3034 I.
1483 3000 1510 3040 6
