2038 3140
865 140 925 146 —
1011 111 1115 163 104
1197 142 1257 147 —
1567 126 1904 166 monss'ronvm

218 238 517 307 ὁπλήεντας
554 242 722 307 ἔθηκε
760 242 867 293 θεὰ
905 244 1243 305 λευκώλενος
1268 242 1439 312 ἽΙρη,

135 343 192 383 35
226 327 299 389 ὡς
338 330 410 396 μή
451 342 543 396 μοι
582 329 806 397 τρύζητε
846 332 1154 399 καθήμενοι
1194 332 1435 384 ἄλλοθεν
1475 332 1671 394 ἄλλος’

301 415 372 477 ὣς
412 413 601 484 ἔφαθ’·
645 417 702 468 οἱ
738 411 787 468 δ’
826 417 1054 485 εὔχοντο
1093 416 1192 470 Διὶ
1231 421 1514 489 Κρονίωνι
1553 421 1756 473 ἄνακτι.

711 598 908 630 HOMERI
946 600 1176 632 DETORTI
1214 600 1407 635 VERSVS

313 682 368 721 34
401 676 637 732 αὐδήεντα
671 675 717 721 δ’
748 676 892 734 ἔθηκε
924 679 1019 723 θεὰ
1051 681 1331 732 λευκώλενος
1351 679 1469 739 ”Ήρη
1515 686 1659 727 Τ407

309 750 363 788 35
399 745 457 795 ὡς
489 743 550 801 μή
583 761 661 801 μοι
693 745 881 801 τρύζητε
913 745 1175 804 παρήμενοι
1206 747 1408 793 ἄλλοθεν
1441 748 1575 800 ἄλλος
1616 754 1642 792 Ι
1665 755 1746 793 311

309 815 366 855 36
400 809 459 862 ὣς
493 808 661 867 ἔφαθ’,
695 809 744 855 οἵ
772 810 817 854 δ’
848 811 1039 868 εὔχοντο
1071 813 1152 856 Διὶ
1183 816 1418 871 Κρονίωνι
1449 814 1616 859 ἄνακτι
1658 818 1707 858 Η
1728 819 1813 858 200

862 967 1232 1002 COMMENTARIV
1239 969 1259 1002 S

331 1052 630 1114 Priusquam
655 1053 717 1100 ad
736 1053 936 1114 singula
960 1054 1336 1116 interpretanda
1362 1057 1650 1104 accedamus
1680 1057 1906 1118 quaestio

218 1133 442 1181 exoritur
466 1133 775 1197 gravissima,
807 1148 927 1181 num
950 1134 1057 1182 iure
1083 1137 1280 1184 omnino
1312 1138 1502 1185 totam
1532 1137 1658 1185 hanc
1685 1137 1907 1200 eclogam

217 1215 307 1263 Dio
359 1214 650 1275 apposuerit
694 1216 752 1261 ut
806 1215 869 1261 ad
923 1229 1084 1262 mores
1133 1215 1584 1265 Alexandrinorum
1628 1218 1905 1266 irridendos

218 1295 461 1356 idoneam,
495 1310 618 1356 quos
653 1295 772 1342 dicit
802 1310 902 1343 non
932 1295 1096 1343 minus
1128 1296 1366 1344 ridiculos
1400 1313 1508 1346 esse
1540 1297 1593 1345 in
1625 1299 1906 1360 spectandis

217 1374 350 1422 ludis
376 1390 525 1436 quam
548 1374 684 1436 ipsos
710 1374 913 1437 aurigas
938 1376 989 1424 in
1015 1377 1265 1439 agitandis
1293 1378 1447 1439 equis.
1501 1378 1633 1427 Nam
1659 1379 1743 1442 qui
1766 1380 1907 1428 testi-

217 1455 440 1504 monium
473 1470 625 1517 supra
649 1455 874 1503 adlatum
897 1455 1091 1519 legerit,
1123 1457 1278 1506 verba
1307 1464 1629 1522 τοιγαροῦν
1661 1458 1721 1508 οὐ
1745 1466 1909 1517 κακῶς

216 1535 515 1601 παρεποίησε
533 1533 625 1584 κτὲ.
649 1551 748 1584 non
773 1538 878 1584 tam
903 1535 967 1583 ad
989 1535 1158 1597 prius
1185 1538 1542 1587 enuntiationis
1569 1540 1908 1589 antecedentis

220 1617 500 1665 membrum
541 1617 672 1679 quod
710 1617 880 1678 paucis
919 1617 1086 1666 verbis
1127 1618 1407 1666 continetur
1447 1613 1612 1684 (ὑμῶν
1653 1617 1704 1668 δὲ
1745 1618 1908 1679 οὐδεὶς

218 1694 271 1745 ἐν
295 1703 351 1764 τῇ
376 1693 472 1765 θέα
496 1691 823 1763 καθέστηκεν)
858 1712 1003 1759 quam
1040 1699 1102 1746 ad
1132 1700 1442 1759 posterius
1475 1703 1526 1748 et
1557 1701 1723 1749 verbis
1747 1702 1907 1750 multo

218 1779 434 1841 amplius
467 1781 518 1826 et
543 1778 802 1826 sententiis
836 1778 1016 1826 elatius
1052 1771 1198 1844 (ἀλλὰ
1228 1778 1354 1828 πολὺ
1387 1783 1572 1843 μᾶλλον
1601 1807 1662 1814 ——
1691 1776 1906 1847 πίπτετε)

219 1859 429 1922 referet3
467 1859 635 1920 itaque
676 1858 1012 1920 suspicabitur
1047 1874 1147 1907 non
1185 1860 1331 1909 modo
1363 1861 1591 1910 versibus
1625 1863 1782 1924 2—6,
1822 1862 1908 1924 qui

219 1941 390 2002 aperte
417 1941 534 1987 sunt
558 1939 619 1987 de
638 1939 1017 2001 spectatoribu8‚
1043 1939 1130 1987 sed
1147 1940 1298 1988 etiam
1315 1942 1511 2003 reliqua
1525 1944 1669 2004 parte
1692 1943 1907 2005 eclogae,

220 2020 464 2082 imprimis
491 2020 718 2069 versibus
747 2022 942 2082 7—21,
966 2020 1053 2068 ubi
1078 2021 1427 2069 similitudines
1453 2022 1729 2070 homericae
1756 2039 1907 2086 supra

218 2101 420 2150 modum
466 2101 570 2149 fere
620 2102 962 2160 cumulantur,
1017 2104 1432 2163 spectatorum
1486 2103 1749 2151 ridiculam
1796 2119 1907 2152 con-

219 2183 506 2230 citationem
546 2197 575 2230 a
612 2182 798 2243 parodo
840 2181 1066 2230 describi.
1134 2182 1375 2231 Attamen
1408 2183 1758 2231 similitudines
1788 2184 1906 2232 illae

220 2279 390 2312 omnes
421 2278 522 2311 non
552 2263 616 2311 ad
641 2265 962 2326 spectatoreS,
996 2263 1084 2312 sed
1107 2264 1171 2312 ad
1195 2264 1398 2327 aurigas
1422 2265 1689 2326 pertinent,
1723 2265 1904 2326 quibus

221 2344 341 2392 solis
374 2343 696 2406 conveniunt3
730 2343 1076 2393 coacervandis
1109 2346 1278 2392 autem
1308 2345 1410 2394 illis
1438 2345 1666 2393 imitatur
1687 2345 1905 2406 paredus

220 2424 386 2471 locum
417 2422 621 2472 Homeri
652 2423 960 2472 simillimum
982 2426 1348 2487 13455—473,
1386 2425 1439 2472 in
1470 2423 1647 2486 quibus
1681 2440 1707 2472 e
1736 2439 1904 2472 rerum

218 2506 401 2552 natura
449 2520 560 2563 cum
600 2504 700 2551 alia
744 2507 853 2552 tum
898 2505 1030 2566 ignis
1076 2520 1227 2568 grues
1266 2505 1391 2553 folia
1427 2505 1491 2553 ad
1530 2503 1903 2553 describendam

222 2585 528 2647 Argivorum
583 2584 956 2642 multitudinem
1017 2587 1067 2633 et
1119 2585 1324 2633 turbam
1377 2585 1688 2634 adhibentur.
1794 2584 1901 2641 Quo

221 2666 447 2727 exemplo
488 2665 735 2713 homerico
769 2665 920 2713 etiam
953 2668 1158 2715 cavetur
1188 2682 1250 2714 ne
1282 2665 1392 2729 quis
1424 2667 1629 2727 propter
1659 2665 1902 2714 formulas

221 2743 300 2794 τοί
317 2762 371 2810 γε
403 2738 473 2811 (v.
501 2738 574 2812 9),
614 2741 739 2794 οἶδὲ
776 2738 842 2811 (v.
874 2738 980 2812 10),
1021 2745 1075 2794 οἰ
1101 2741 1190 2809 μὲν
1223 2740 1292 2812 (v.
1324 2738 1415 2812 18)
1448 2745 1668 2793 animum
1698 2745 1914 2794 inducat.

223 2825 577 2875 similitudines
601 2827 715 2875 illas
739 2826 925 2888 partim
949 2826 1013 2875 ad
1037 2827 1254 2890 aurigae,
1284 2827 1470 2888 partim
1501 2825 1565 2873 ad
1596 2827 1902 2887 spectatores

224 2904 439 2968 referi-⁶23
470 2921 531 2955 ne
556 2907 781 2957 diversae
813 2907 1011 2970 quidem
1036 2907 1324 2970 aurigarum
1347 2906 1588 2957 factiones
1613 2905 1768 2955 statui
1789 2921 1903 2969 pos·
2010 2894 2038 2918 '⁴
