2038 3140
114 151 358 185 GnLnNsis
758 165 817 169 —
903 136 1003 186 127
1089 166 1149 171 —

114 285 427 330 nequaquam
462 272 570 316 erat
602 271 892 330 expositum.
948 270 1112 318 Facile
1146 274 1311 318 autem
1340 272 1400 319 iis
1427 272 1513 333 qui
1538 272 1794 320 Philoxeni

117 348 352 412 Cytherei
382 351 601 397 Δεῖπνον
642 366 671 397 a
701 350 907 399 Platone
948 352 1083 413 carpi
1120 352 1478 415 iudicaverunt,
1520 353 1796 416 largiamur

115 430 175 478 de
215 431 413 479 nomine
452 432 630 491 poetae
669 431 805 479 illius
846 433 1202 494 gastronomici
1239 433 1382 480 nobis
1417 450 1515 482 non
1547 436 1795 496 constare3

112 511 374 558 Philoxeni
421 512 550 558 enim
598 512 794 559 nomine
835 514 1047 561 comicus
1088 514 1272 561 abusus
1312 530 1419 562 esse
1459 515 1656 563 videtur
1696 530 1793 575 quo

110 594 310 653 poetam
364 591 548 641 litteris
602 593 978 656 gastronomicis
1019 594 1240 641 deditum
1289 594 1611 657 significaret,
1665 595 1791 642 Leu-

112 673 239 720 cadii
287 688 560 734 cognomen
606 676 800 723 veteres
846 675 1160 737 grammatici
1208 676 1515 737 excogitasse
1560 675 1794 724 videntur

110 769 201 814 pro
230 758 526 816 argumento
551 755 751 802 fabulae
775 755 992 802 Phaonis
1026 758 1076 802 et
1101 755 1328 816 Sapphus
1362 771 1526 803 amore
1558 757 1791 818 repletae.

222 834 393 881 Alium
440 835 686 896 quendam
726 835 1040 883 Archestrati
1085 851 1455 897 praecursorem
1501 837 1793 883 nominatim

111 915 258 962 affert
291 915 579 963 Athenaeus
611 915 710 962 VII
742 917 908 964 337a:
940 911 1194 979 «Κλέαρχος
1228 913 1279 964 δὲ
1311 915 1363 965 ἐν
1395 920 1495 974 τοῖς
1526 915 1637 980 περὶ
1667 934 1793 980 παρ-

111 1001 286 1058 οιμιῶν
347 993 429 1043 καὶ
483 995 779 1045 διδάσκαλον
841 1002 927 1044 τοῦ
980 991 1325 1061 Ἀρχεστράτου
1379 994 1611 1062 γενέσθαι
1672 994 1794 1059 φησὶ

116 1076 453 1140 Τερψίωνα,
507 1073 565 1124 ὃν
611 1074 693 1125 καὶ
740 1083 934 1140 πρῶτον
974 1078 1335 1143 Γαστρολογίαν
1381 1077 1640 1143 γράψαντα
1688 1078 1793 1126 δια-

114 1155 403 1204 κελεύεσθαι
448 1161 550 1215 τοῖς
599 1162 846 1221 μαθηταῖς
883 1158 1032 1206 τίνων
1071 1156 1322 1221 ἀφεκτέον.
1400 1155 1798 1222 ἀπεσχεδιακέναι

112 1253 160 1285 τε
201 1235 285 1285 τὸν
330 1238 591 1302 Τερψίωνα
630 1237 712 1286 καὶ
750 1236 860 1303 περὶ
897 1246 982 1303 τῆς
1021 1239 1232 1303 χελώνης
1270 1239 1403 1288 τάδε·

375 1316 409 1383 ἢ
447 1326 540 1383 κρῆ
581 1319 792 1383 χελώνης
833 1319 912 1368 δεῖ
943 1324 1121 1385 φαγεῖν
1159 1317 1192 1384 ἢ
1231 1318 1295 1383 μὴ
1338 1324 1527 1385 φαγεῖν.

25 1420 83 1506 9:
223 1400 382 1448 Valde
414 1401 678 1468 delendum
704 1404 781 1448 est
810 1402 935 1448 nihil
967 1402 1164 1448 aliunde
1197 1402 1257 1449 de
1288 1403 1381 1449 hoc
1414 1401 1652 1463 scriptore
1685 1416 1794 1448 con-

112 1482 260 1540 stare,
285 1482 424 1529 cuius
449 1484 616 1529 tamen
639 1497 819 1528 nomen
843 1481 1105 1529 confictum
1131 1498 1240 1530 esse
1264 1482 1501 1530 iudicavit
1519 1481 1794 1528 Meinekius

111 1554 208 1627 (ex.
239 1562 292 1608 in
320 1562 439 1611 Ath.
470 1562 522 1609 II
552 1579 600 1624 p.
636 1556 745 1628 16).
809 1562 974 1611 Possit
1006 1563 1136 1611 enim
1170 1563 1399 1611 subnasci
1431 1562 1645 1624 suspicio
1678 1561 1795 1608 Ter-

108 1643 334 1705 psionem
361 1659 470 1692 esse
493 1659 640 1706 quem
655 1644 802 1691 Plato
826 1644 916 1691 sub
935 1644 1191 1693 Philoxeni
1206 1644 1402 1693 nomine
1418 1642 1739 1706 perstringat.
1752 1635 1794 1707 1)

111 1722 244 1772 Satis
277 1727 446 1772 autem
478 1727 688 1786 apparet
719 1724 1046 1786 Terpsionem
1084 1741 1183 1773 non
1213 1729 1318 1773 tam
1348 1724 1662 1773 Archestrati
1691 1738 1794 1770 ma·

110 1805 330 1868 gistrum
359 1806 512 1854 fuisse
538 1821 688 1867 quam
713 1821 826 1853 eum
851 1805 936 1867 qui
957 1807 1148 1867 primus
1171 1806 1294 1854 talia
1317 1807 1582 1868 praecepta
1604 1802 1799 1852 dederit

110 1886 279 1950 qualia
300 1888 537 1950 leguntur
559 1887 692 1949 apud
716 1887 1099 1935 Archestratum
1122 1887 1181 1936 fr.
1198 1887 1338 1935 LXII
1362 1890 1443 1948 12,
1467 1885 1729 1934 XXXVIII
1747 1886 1796 1946 3,

109 1967 206 2016 LII
244 1961 331 2035 (cf.
367 1967 694 2017 Ribbeckium
734 1968 861 2016 MuS.
901 1968 994 2016 Rh.
1038 1970 1176 2018 1857
1218 1985 1263 2030 p.
1301 1969 1403 2017 205
1424 1962 1535 2032 sq.).

0 2101 3 2108 ,
221 2048 539 2097 Arohestrati
562 2049 847 2111 fragmenta
868 2049 1060 2112 primus
1090 2049 1295 2114 collegit
1323 2065 1503 2111 parum
1533 2046 1796 2096 emendata

0 2133 26 2190 i·
113 2129 444 2177 Schneiderus
490 2129 544 2176 in
581 2129 823 2190 epimetro
861 2129 887 2176 I
926 2129 1157 2178 editionis
1195 2130 1501 2178 Animalium
1542 2128 1794 2176 Historiae

109 2208 484 2271 Aristotelicae,
523 2223 650 2270 quae
688 2209 875 2270 prodiit
911 2209 1112 2271 Lipsiae
1150 2226 1194 2258 a.
1237 2211 1399 2269 1811,
1448 2210 1576 2258 alter
1613 2208 1796 2256 Busse-

109 2289 343 2337 makerus
389 2290 520 2337 inter
558 2287 791 2338 Carmina
829 2290 1062 2339 Bucolica
1104 2294 1156 2339 et
1192 2290 1449 2339 Didactica
1486 2291 1538 2338 in
1577 2289 1793 2338 editione

110 2358 379 2432 Epicorum
403 2368 707 2419 Graecorum
737 2368 1020 2430 Didotiana,
1054 2370 1260 2420 Parisiis
1297 2372 1451 2420 1851.
1514 2369 1792 2418 Plurimum

109 2467 228 2500 vero
290 2453 490 2514 praeter
549 2451 798 2500 Athenaei
860 2451 1076 2502 editores
1138 2452 1487 2501 Casaubonum
1547 2451 1792 2513 Schweig-

110 2531 410 2580 haeuserum
446 2531 759 2580 Dindorfium
795 2532 1113 2595 Meinekium,
1152 2534 1332 2596 quibus
1370 2548 1500 2581 nunc
1539 2530 1793 2581 addendus

68 2630 75 2634 ·
113 2615 190 2662 est
226 2612 508 2678 Kaibelius‚
548 2613 697 2663 huius
736 2615 915 2676 poetae
954 2613 1176 2676 reliquiis
1215 2612 1468 2676 praestitit
1508 2612 1795 2661 Woldemar

233 2813 278 2869 1)
309 2811 418 2857 Non
433 2811 595 2857 obstat
611 2811 777 2869 opinor
790 2810 901 2856 huic
917 2810 1214 2858 coniecturae
1229 2810 1356 2867 qued
1370 2811 1520 2855 metro
1544 2809 1693 2854 iamb
1703 2808 1754 2853 ic
1765 2823 1792 2854 o

112 2876 507 2935 ἀπεσχεδιακέναι
534 2878 760 2933 traditum
799 2878 1008 2934 Hegemo
1040 2891 1225 2934 quoque
1255 2876 1306 2921 in
1335 2875 1395 2922 iis
1432 2876 1643 2921 versibus
1678 2889 1794 2932 quos

113 2955 171 2987 ex
191 2944 403 3001 tempore
426 2943 658 2989 fundebat
679 2946 830 2990 metro
852 2942 1058 2988 iambico
1082 2942 1318 2999 utebatur,
1349 2942 1407 2988 cf.
1431 2954 1574 2999 supra
1593 2956 1640 2999 p.
1657 2946 1713 2987 89
1724 2954 1792 2996 sq·
