2038 3140
0 3091 9 3137 -4n
0 3071 10 3080 y
0 2995 6 3062 v--u-

761 103 1011 155 ——221
1101 134 1161 140 -—

242 250 285 290 p.
320 238 373 277 21
415 233 518 277 adn.
554 237 579 275 2
601 232 676 276 fin.
718 232 860 275 adde:
911 232 984 268 ‘=
1016 233 1160 276 kleine
1197 233 1358 289 philol.
1391 232 1514 278 θοὴν.
1547 233 1589 275 lI
1629 249 1671 289 p.
1706 239 1804 288 283,

124 299 364 357 προσέχων
397 297 572 349 δέλτοις
603 298 729 342 idem
761 298 886 341 anth.
920 297 1003 353 lyr.
1034 298 1050 322 ²
1081 313 1126 353 p.
1160 298 1311 341 VIII’.

243 380 284 422 p.
314 371 368 409 23
403 364 508 408 adn.
538 369 557 406 1
578 364 653 409 fin.
687 364 827 409 adde:
867 362 1113 420 ‘Natorpio
1148 363 1410 407 adsentitur
1433 364 1576 408 etiam
1600 364 1805 420 Hartius,

121 446 206 477 zur
237 432 406 477 Seelen-
439 445 485 475 n.
518 431 940 475 Erkenntnisslehre
972 430 1227 474 Demokrits
1260 433 1412 487 (1886)
1444 446 1486 487 p.
1526 432 1614 475 12’.

242 513 286 553 p.
321 502 376 541 25
408 512 450 540 v.
484 502 509 541 2
544 497 684 540 adde:
730 496 931 539 ‘similes
962 495 1159 539 fortasse
1191 495 1320 540 fuere
1354 496 1575 540 Varronis
1608 495 1805 542 Pseudo-

124 565 404 622 trayoediae:
436 563 492 607 cf.
526 562 750 618 Ribbeck,
784 561 893 606 hist.
928 575 1052 617 poeS.
1086 562 1217 606 Rom.
1251 562 1271 603 I
1302 577 1345 618 p.
1381 563 1509 607 265³.

239 645 284 686 p.
318 635 373 673 32
407 644 448 674 v.
483 636 508 673 4
539 630 648 686 post
682 630 822 686 ‘spec.
857 628 920 672 VI
950 643 995 684 p.
1030 628 1080 673 8’
1118 627 1259 671 adde:
1294 628 1370 663 ‘=
1401 629 1458 673 kl.
1486 629 1646 686 philol.
1681 628 1804 673 Schr.

122 696 165 738 Π
195 711 240 752 p.
277 696 402 739 100’.

241 778 285 819 p.
321 768 376 806 33
408 776 450 805 v.
486 766 539 804 11
575 761 844 805 ‘statutum’
880 760 985 816 Iege
1016 774 1100 815 pro
1134 759 1414 805 ‘sentitum’.

242 844 287 884 p.
322 833 376 872 32
411 827 516 871 adn.
550 833 575 870 2
611 843 651 871 v.
686 831 712 870 8
753 828 861 883 post
902 825 1222 870 ‘Nietzschius
1254 827 1285 871 1.
1319 841 1353 870 s.
1387 842 1431 883 p.
1465 827 1510 870 5’
1548 827 1688 870 adde:
1733 827 1806 870 ‘et

127 893 517 939 Freudenthalius
550 893 788 938 Hellenist.
823 893 951 938 Stud.
984 908 1029 949 p.
1063 893 1185 936 304’.

240 976 285 1018 p.
320 965 376 1004 40
393 960 470 1004 fin.
503 973 608 1003 cum
641 959 698 1003 de
731 960 980 1002 descensus
1014 959 1073 1002 ad
1105 958 1278 1002 inferos
1309 960 1461 1003 forma
1492 972 1630 1016 saepe
1655 959 1704 1002 in
1729 958 1810 1002 lit-

123 1027 236 1071 teris
264 1026 454 1071 Graecis
487 1027 713 1082 usurpata
745 1025 1046 1082 disputarem,
1081 1025 1222 1068 debui
1246 1025 1439 1070 laudare
1464 1026 1808 1070 enarrationem

125 1094 447 1139 doctissimam
485 1091 661 1136 Rohdii
697 1093 861 1150 yriech.
901 1092 1083 1137 Roman
1127 1106 1172 1148 p.
1213 1096 1322 1147 261,
1370 1091 1445 1136 cui
1491 1094 1676 1149 praeter
1714 1092 1808 1137 alia

125 1159 239 1203 addi
271 1158 414 1203 etiam
447 1157 603 1215 potuit
635 1158 772 1201 Ennii
794 1156 1124 1214 Epicharmus:
1155 1171 1243 1202 nec
1273 1161 1533 1203 memoratu
1561 1158 1809 1215 indignum

123 1225 215 1269 fuit
246 1224 432 1269 Timoni
470 1225 645 1282 parodo
687 1223 848 1279 aliqua
887 1237 942 1267 ex
978 1224 1112 1279 parte
1150 1221 1245 1266 iam
1282 1223 1508 1280 praeiisse
1546 1224 1806 1282 Platonem,

122 1292 298 1349 quippe
346 1290 427 1346 qui
472 1290 755 1346 Protagorae
802 1305 846 1346 p.
880 1289 1078 1335 315BC'
1117 1289 1168 1333 in
1214 1289 1533 1334 describendis
1582 1291 1806 1348 sophistis

125 1361 316 1410 νεκυίας
346 1357 556 1402 versibus
590 1355 844 1400 notissimis
877 1370 987 1399 usus
1020 1355 1096 1399 sit.

243 1441 287 1481 p.
322 1429 377 1468 49
410 1439 453 1468 v.
491 1428 544 1466 14
579 1421 868 1479 ‘wion-ome?
904 1421 1008 1478 lege
1039 1436 1124 1478 pro
1160 1422 1472 1479 ‘tptloootpet'.

241 1506 286 1548 p.
320 1494 376 1534 55
410 1489 516 1534 adn.
554 1493 576 1532 1
610 1490 719 1532 ante
755 1488 874 1532 ‘alii’
911 1487 1030 1531 adde
1067 1487 1300 1543 ‘BrandiS‚
1338 1489 1490 1534 Gesch.
1523 1491 1566 1534 d.
1591 1495 1805 1548 ,ον-γόοι.

122 1559 299 1602 Philos.
331 1555 353 1599 I
390 1572 435 1613 p.
469 1559 553 1599 357
594 1555 700 1599 adn.
734 1569 781 1609 03
830 1554 1167 1610 Freudenthal,
1207 1555 1318 1599 aber
1353 1556 1428 1600 die
1462 1557 1702 1614 Theoloyie
1732 1557 1809 1601 des

124 1623 427 1680 Xenophanes
459 1623 611 1678 (1886)
643 1636 687 1677 p.
716 1625 773 1665 34
806 1621 910 1664 adn.
944 1621 1006 1667 4’.

242 1703 287 1745 p.
323 1692 379 1732 57
398 1702 464 1743 sq.
498 1687 697 1731 alteram
727 1685 862 1730 illam
892 1686 1140 1731 verborum
1172 1683 1223 1731 ἐν
1250 1685 1380 1732 ἔπεσι
1411 1687 1536 1744 apud
1567 1688 1808 1732 Laertium

123 1754 188 1799 IX
230 1759 283 1798 18
326 1752 784 1810 interpretationem,
833 1766 975 1808 quam
1020 1752 1163 1797 reieci
1200 1754 1393 1810 propter
1434 1753 1627 1797 nimiam
1663 1768 1807 1798 mem-

123 1822 313 1865 brorum
363 1819 545 1876 discrep
540 1819 750 1874 antiam,
796 1818 945 1862 nihilo
993 1818 1138 1862 setius
1185 1832 1333 1874 nuper
1373 1819 1575 1876 amplexi
1615 1822 1723 1864 sunt
1761 1823 1810 1865 et

123 1886 329 1931 Hillerus
370 1885 400 1931 l.
435 1900 469 1930 s.
508 1901 554 1942 p.
593 1890 679 1929 473
719 1886 849 1928 ratus
889 1884 1034 1929 verba
1080 1882 1275 1943 ἰάμβους
1314 1884 1431 1929 καθ’
1467 1883 1687 1930 Ησιόδου
1727 1887 1808 1931 καὶ

115 1951 321 2011 Ομήρου
354 1965 411 1996 ex
442 1951 536 1995 alio
568 1951 698 1995 fonte
730 1950 895 1995 addita
927 1963 1027 1994 esse
1060 1954 1109 1995 et
1138 1949 1342 1994 Dilesius
1374 1951 1484 1995 libri
1516 1951 1809 1998 miscellanei

123 2018 175 2063 in
213 2017 383 2062 Zelleri
419 2017 643 2062 honorem
685 2021 798 2061 1886
838 2015 1094 2073 conscripti
1134 2017 1422 2075 (Philosoph.
1455 2018 1614 2075 Aufs.)
1642 2033 1688 2075 p.
1722 2023 1807 2064 253

124 2086 230 2130 adn.
259 2089 282 2127 1
314 2082 470 2127 verbis
503 2079 554 2128 ἐν
587 2081 717 2127 ἔπεσι
749 2083 810 2126 ad
841 2097 1029 2127 carmen
1058 2081 1166 2139 περὶ
1189 2083 1373 2140 φύσεως
1402 2083 1579 2140 relatiS,
1613 2083 1808 2144 ἰαμβους

125 2154 216 2195 κτλ.
244 2150 305 2194 ad
329 2149 473 2194 silloa
514 2148 684 2204 quibus
707 2163 820 2192 num
844 2147 1193 2192 assentiendum
1219 2147 1281 2191 sit
1305 2149 1448 2192 etiam
1470 2163 1594 2194 nunc
1618 2150 1806 2205 dubit03

124 2218 284 2260 tamen
315 2229 464 2271 neque
496 2214 632 2271 epica
661 2214 748 2258 illa
779 2214 871 2259 duo
896 2217 1203 2271 Κολοφῶντος
1234 2215 1378 2266 κτίσις
1409 2216 1459 2259 et
1489 2215 1513 2259 ὁ
1547 2214 1613 2268 εἰς
1639 2214 1807 2262 Ἐλέαν

122 2279 403 2339 ἀποικισμός
425 2282 646 2337 poemata
668 2279 832 2325 afferre
857 2279 1012 2335 debui,
1037 2278 1210 2336 quippe
1227 2293 1346 2336 quae
1363 2279 1549 2324 demum
1573 2294 1602 2325 a
1619 2281 1808 2326 Lobone

125 2347 396 2404 excogitata
441 2346 536 2391 sint
583 2346 660 2404 (cf.
692 2360 808 2392 mus.
840 2346 986 2390 Rhen.
1027 2346 1222 2390 XXXIII
1259 2361 1304 2403 p.
1338 2348 1443 2403 529)
1490 2348 1539 2391 et
1585 2344 1636 2392 ἐν
1677 2346 1809 2394 ἔπεσι

125 2415 252 2459 recte
285 2427 334 2457 se
364 2413 538 2457 habere
570 2412 789 2467 concedo,
820 2426 925 2456 cum
949 2411 1261 2469 Xenophanes
1283 2425 1378 2456 non
1407 2426 1594 2458 carmen
1624 2413 1807 2472 epicum

127 2458 253 2538 (ἔπη)
287 2478 542 2536 scripserit,
575 2478 656 2522 sed
689 2478 838 2523 solum
869 2492 1006 2523 versu
1035 2478 1308 2524 hexametro
1337 2475 1408 2536 (ἐν
1441 2477 1587 2537 ἔπεσι)
1619 2494 1807 2526 carmen

126 2545 428 2590 didacticum.
493 2544 608 2588 Utut
645 2546 718 2589 est
755 2546 933 2589 certum
965 2544 1176 2589 sillorum
1206 2544 1529 2591 testimonium
1561 2546 1806 2593 exhibetur

124 2611 200 2656 his
231 2611 400 2657 verbis.

244 2693 290 2735 p.
323 2682 379 2722 59
411 2693 452 2722 v.
489 2682 542 2721 17
574 2678 684 2734 post
717 2675 950 2721 ‘carmini’
984 2676 1226 2722 intercidit
1259 2677 1420 2722 ‘eum'.

245 2759 289 2800 p.
325 2749 380 2788 60
411 2758 453 2787 v.
476 2748 532 2787 30
563 2742 854 2800 Epimenidis
884 2744 1141 2801 θεογονίαν
1172 2745 1351 2801 (recens
1383 2743 1566 2790 scilicet
1596 2758 1804 2789 carmen:

127 2809 186 2855 cf.
209 2824 326 2854 mus.
349 2809 496 2854 Rhen.
521 2808 719 2871 XXXIII
741 2823 786 2865 p.
815 2810 918 2866 525)
951 2823 980 2854 a
1002 2801 1290 2867 Xenophane
1314 2809 1513 2867 petitam
1547 2824 1648 2855 esse
1672 2825 1805 2868 prae-

126 2875 276 2921 fracte
299 2874 494 2932 negavit
507 2872 714 2920 Hillerus
738 2875 768 2920 l.
788 2890 824 2920 s.
842 2891 886 2934 p.
903 2879 1013 2931 4⁷43
1036 2877 1284 2932 praeterea
1305 2889 1365 2921 ne
1389 2876 1598 2933 potuisse
1616 2877 1807 2935 quidem

127 2940 180 2986 in
217 2940 502 2986 hexametris
534 2939 825 2998 Epimenidis
864 2955 1035 2987 nomen
1074 2941 1243 2988 afferri.
1318 2942 1487 3000 quibus
1526 2942 1703 3001 optime
1733 2957 1806 2989 re·
