2038 3140
178 184 424 218 GELENSIS
815 197 885 202 ——
969 167 1066 218 117
1154 196 1210 201 —

168 297 426 350 Ῥοδιακοῦ
481 303 658 366 γαλεοῦ
712 298 866 367 λέγων
920 299 1012 349 κτὲ.
1102 301 1279 350 Omnia
1332 302 1489 364 igitur
1539 305 1654 364 post
1706 300 1859 366 λέγων

178 398 335 445 usque
367 381 431 430 ad
458 383 608 431 verba
639 377 741 430 ἀλλ’
773 381 800 430 ὅ
822 399 874 447 γε
901 377 967 431 ’A.
1000 383 1310 444 parenthesis
1342 384 1448 432 loco
1481 386 1597 431 sunt
1619 383 1860 443 habenda,

179 479 279 526 qua
318 463 550 511 absoluta
588 464 801 525 scriptor
838 462 1006 511 verbis
1047 458 1150 510 ἀλλ’
1190 462 1216 511 ὅ
1254 481 1305 528 γε
1339 458 1407 511 Ἀ.
1447 465 1510 512 ad
1548 464 1860 526 propositum

177 545 464 593 revertitur.
535 545 795 592 Librarius
836 547 1005 592 autem
1045 559 1074 591 a
1111 559 1230 593 voce
1270 550 1443 593 τοῦτον
1484 546 1547 593 ad
1584 543 1669 593 τὸν
1708 542 1860 593 αὐτόν

178 625 444 674 aberravit.
458 618 500 691 ¹)
565 624 674 681 Qua
705 641 758 672 re
791 626 979 673 factum
1012 628 1101 685 est,
1135 628 1192 673 ut
1222 641 1400 673 nomen
1424 626 1739 675 Archestrati
1769 642 1859 687 pro

178 721 234 754 eo
280 708 570 768 poneretur,
618 707 755 754 cuius
802 721 1036 767 perversa
1081 706 1213 767 galei
1250 707 1462 755 nominis
1502 707 1664 755 versio
1705 707 1862 754 latina

177 787 442 835 refutanda
481 789 603 836 erat.

287 868 338 916 Is
379 869 579 930 quinam
617 869 772 916 fuerit
817 867 987 915 statim
1028 883 1087 915 ex
1127 868 1222 916 alio
1248 868 1494 916 Athenaei
1526 869 1631 916 loco
1665 869 1861 916 demon-

179 950 362 998 strabo.
426 950 578 998 Libro
613 950 744 998 enim
772 949 845 997 IV
868 966 914 1010 p.
954 951 1095 997 1703
1128 964 1289 996 3311110
1315 951 1392 997 est
1416 950 1476 997 de
1501 964 1559 996 ea
1584 949 1863 997 differentia

176 1045 303 1092 quae
327 1031 458 1078 inter
481 1028 842 1094 τραπεζοκόμον
860 1032 910 1077 et
933 1027 1285 1091 τραπεζοποιόν
1310 1030 1603 1079 intercedat:
1633 1024 1861 1093 ζητητέον

179 1107 232 1158 δὲ
277 1110 323 1160 εἰ
365 1109 448 1159 καὶ
493 1106 519 1160 ὁ
560 1109 917 1176 τραπεζοκόμος
963 1104 989 1157 ὃ
1030 1107 1177 1168 αὐτός
1215 1108 1313 1158 ἐστι
1358 1112 1423 1179 τῷ
1461 1103 1860 1179 τραπεζοποιῷ.2)

171 1186 359 1256 Ἰόβας
404 1190 497 1257 γὰρ
549 1187 574 1241 ὁ
625 1190 907 1257 βασιλεὺς
954 1188 1015 1238 ἐν
1062 1194 1188 1248 ταῖς
1217 1186 1557 1255 Ὁμοιότησι
1597 1187 1681 1254 (fr.
1720 1191 1744 1238 I
1784 1206 1861 1252 ap.

178 1274 402 1322 Mueller.
429 1274 579 1323 FHG
601 1274 676 1321 III
700 1291 746 1336 p.
774 1274 906 1338 483)
939 1270 1023 1320 τὸν
1049 1270 1200 1321 αὐτὸν
1224 1267 1353 1322 εἷναί
1373 1286 1497 1335 φησι
1527 1268 1647 1336 (τὸν
1671 1273 1863 1321 addidit

179 1350 476 1419 Kaibelius>
510 1353 871 1417 τραπεζοκόμον
903 1351 1001 1401 καὶ
1038 1351 1137 1401 τὸν
1176 1352 1288 1402 ὑπὸ
1319 1349 1614 1416 Ῥωμαίων
1645 1352 1863 1402 καλού-

178 1452 359 1498 μενον
392 1434 718 1499 στρούκτωρα,
749 1427 1146 1499 παρατιθέμενος
1177 1433 1229 1483 ἐκ
1262 1433 1505 1498 δράματος
1537 1429 1860 1497 Ἀλεξάνδρου

177 1505 216 1584 ᾧ
258 1513 505 1581 ἐπιγραφὴ
546 1514 709 1574 Πότος
746 1517 1086 1577 fragmentum
1127 1509 1222 1582 (IV
1256 1517 1362 1564 554
1402 1508 1590 1575 Mein).
1653 1514 1788 1571 Quae
1823 1514 1866 1562 si

178 1597 288 1658 quis
313 1612 426 1645 cum
451 1612 508 1645 3ο
531 1596 782 1646 Athenaei
813 1597 922 1645 loco
955 1597 1087 1644 unde
1121 1596 1310 1660 egressi
1342 1611 1514 1645 sumus
1547 1589 1671 1660 (VII
1697 1588 1864 1661 2943)

179 1677 528 1739 composuerit,
581 1678 686 1726 illic
725 1693 921 1740 quoque
966 1678 1207 1727 sermonis
1247 1678 1415 1740 graeci
1465 1680 1517 1725 et
1553 1677 1700 1726 latini
1737 1692 1866 1726 com-

176 1758 490 1820 parationem
536 1758 715 1807 iisdem
762 1758 866 1809 fere
905 1760 1072 1808 verbis
1113 1774 1396 1821 expressam
1434 1758 1591 1806 Iubae
1630 1773 1740 1807 esse
1777 1772 1868 1819 per

179 1855 232 1888 se
270 1839 550 1901 intelleget,
589 1838 676 1901 qui
714 1839 766 1887 in
807 1855 864 1887 eo
902 1839 1046 1904 libro,
1087 1841 1166 1889 cui
1195 1835 1501 1903 Ὁμοιότητες
1538 1840 1716 1887 titulus
1755 1839 1867 1901 fuit,

179 1936 348 1968 rerum
385 1920 589 1968 nomina
627 1922 678 1968 et
716 1920 955 1969 instituta,
991 1921 1127 1971 vitae
1167 1937 1295 1984 quae
1342 1920 1475 1983 apud
1522 1920 1645 1969 alias
1691 1923 1867 1984 gentes

179 2003 347 2049 essent
385 2016 496 2050 cum
535 2000 729 2062 graecis
769 1995 1104 2066 contulerit.3)

301 2178 344 2234 1)
378 2175 428 2221 Si
459 2177 667 2220 statuere
698 2176 814 2221 licet
844 2177 1054 2222 codicem
1075 2177 1367 2223 Marcianum
1398 2180 1667 2224 accuratam
1689 2178 1862 2224 referre

175 2242 421 2300 prototypi
443 2242 713 2299 imaginem,
737 2243 884 2288 verba
906 2256 1027 2299 quae
1051 2243 1281 2288 excidisse
1298 2244 1519 2290 videntur
1541 2245 1679 2290 unius
1702 2258 1864 2290 versus

177 2310 354 2368 integri
386 2309 593 2367 spatium
623 2309 900 2367 explebant3
933 2309 991 2354 cf.
1022 2309 1230 2354 Kaibelii
1258 2312 1404 2368 praef.
1434 2326 1480 2368 p.
1504 2311 1625 2358 VIII.

299 2379 344 2434 2)
387 2376 515 2431 Quae
552 2375 763 2434 proxime
798 2375 1088 2433 praecedunt
1128 2377 1222 2434 (IV
1256 2377 1409 2435 170d)
1448 2379 1504 2422 de
1543 2380 1860 2439 τραπεζοποιῷ

177 2443 371 2500 eiusque
403 2442 586 2499 officiis,
618 2455 675 2486 ea
705 2455 888 2498 quoque
922 2455 979 2487 ex
1009 2442 1127 2486 Iuba
1156 2442 1346 2488 fluxisse
1377 2443 1608 2490 videntur.

298 2512 344 2567 3)
395 2509 545 2554 Unum
589 2510 836 2566 praeterea
877 2506 1186 2566 Ὁμοιοτήτων
1231 2509 1548 2568 fragmentum
1597 2510 1678 2568 (fr.
1709 2510 1753 2554 11
1783 2523 1860 2568 ap.

68 2603 82 2610 κ
177 2577 389 2623 Mueller.
420 2574 558 2620 ΓΗΘ
587 2574 653 2619 ΠΙ
681 2589 726 2632 p.
752 2575 859 2631 484)
893 2574 1020 2632 apud
1049 2574 1335 2632 Hesychium
1366 2577 1522 2621 exstat
1552 2590 1588 2621 3.
1614 2591 1659 2621 v.
1690 2574 1860 2633 κάρτη·

177 2642 303 2696 εἶδος
326 2641 512 2702 ἱματίου
535 2640 667 2699 παρὰ
685 2639 822 2703 Ἰώβᾳ
847 2636 899 2686 ἐν
924 2641 978 2686 ιε’
995 2642 1104 2700 περὶ
1127 2641 1411 2701 ὁμοιοτήτων
1435 2643 1484 2687 et
1510 2641 1635 2700 apud
1659 2641 1860 2687 eundem

177 2725 212 2756 3.
229 2725 273 2756 v.
299 2708 490 2769 κόρτην·
524 2707 718 2767 Πάρθοι
742 2703 922 2765 ἐσθῆτα
945 2711 1181 2765 καλοῦσιν,
1206 2706 1266 2764 ἣν
1289 2706 1579 2768 λαμβάνουσι
1600 2709 1768 2760 παῖδες
1792 2705 1859 2760 εἰς

176 2775 356 2835 ἄνδρας
393 2773 689 2834 ἀφικόμενοι.
758 2773 971 2819 Tertium
1008 2773 1106 2819 iam
1143 2773 1329 2819 accedit
1362 2773 1680 2832 fingmentum
1718 2787 1861 2832 supra

173 2841 482 2900 propositum.
524 2841 660 2886 Unde
682 2839 883 2886 fortasse
907 2839 1090 2898 aliquid
1110 2840 1230 2886 lucis
1255 2838 1464 2886 exoritur
1487 2839 1549 2884 ad
1572 2839 1860 2886 dirimendas

177 2906 478 2964 quaestiones
518 2922 635 2966 quas
674 2906 733 2952 de
764 2905 1077 2965 Ὁμοιοτήτων
1122 2906 1349 2952 librorum
1393 2906 1565 2951 natura
1601 2905 1692 2951 viri
1730 2903 1860 2952 docti

175 2974 436 3020 moverunt.
497 2973 613 3021 Cum
651 2973 777 3019 enim
808 2971 1044 3020 Soltavius
1083 2972 1159 3031 (de
1196 2971 1407 3019 fontibus
1437 2971 1679 3019 Plutarchi
1706 2972 1757 3018 in
1788 2983 1862 3016 se-
