2038 3140
103 136 349 170 npnnsws
767 145 828 153 —
910 115 981 167 33
1063 146 1124 154 —

106 253 468 316 quodammodo
518 267 570 300 se
618 252 750 314 gerit
796 251 1036 313 Homero;
1091 252 1312 299 detrahit
1360 252 1436 299 illi
1481 269 1571 313 per
1623 253 1788 301 iocum

106 335 372 395 lusumque
418 348 517 381 non
558 332 684 380 nihil
724 331 1061 394 auctoritatis,
1109 347 1219 379 cum
1258 333 1411 381 verba
1450 332 1787 396 dictionesque

106 416 244 477 epico
291 414 507 476 pondere
547 413 722 475 gravia
767 414 831 460 ad
869 413 1004 462 leves
1043 413 1355 475 humilesque
1395 415 1669 463 sententias
1709 416 1789 463 de-

103 496 323 557 primens
363 496 415 543 in
451 494 714 543 ridiculum
746 496 927 543 vertat.
988 493 1251 555 Hipponax
1282 495 1419 543 nullo
1450 496 1544 544 nisi
1570 495 1787 545 Homero

104 576 310 624 inferior
348 592 456 624 esse
495 577 627 638 vult,
667 591 818 637 quam
855 575 1143 637 longissime
1182 576 1326 623 abest
1361 577 1442 624 vel
1474 592 1502 624 a
1533 577 1788 626 lenissima

103 657 287 704 summi
316 659 495 718 poetae
522 657 765 718 irrisione,
797 656 886 702 illa
908 655 1203 716 praesertim
1227 658 1394 705 aetate
1419 674 1518 719 qua
1541 659 1643 706 tale
1668 659 1788 720 quid

102 753 166 785 ne
215 738 268 785 in
314 738 533 786 animum
573 737 767 799 quidem
809 736 1041 784 inducere
1087 738 1349 798 quisquam
1395 739 1559 799 potuit
1595 739 1694 786 nisi
1731 740 1788 800 is,

104 818 189 879 qui
234 834 264 866 a
317 819 592 867 rationibus
647 817 991 879 philosophiae
1042 817 1296 878 profectus
1336 818 1611 866 Homerum
1659 821 1787 867 serio

102 900 376 960 impietatis
414 899 602 961 arguit,
648 899 787 946 velut
830 898 1160 959 Xenophanes
1201 894 1614 966 Colophonius¹);
1661 900 1788 947 nihil

104 979 369 1041 Hipponax
415 979 551 1027 illius
600 978 838 1041 dignitati
884 979 1152 1042 obtrectat,
1203 980 1354 1028 immo
1394 981 1532 1042 epica
1572 981 1786 1029 dictione

103 1063 159 1107 ut
197 1059 270 1108 ita
310 1061 470 1108 dicam
509 1061 641 1108 bona
689 1059 785 1107 fide
832 1059 1015 1119 utitur,
1069 1062 1127 1107 ut
1174 1076 1232 1108 ea
1276 1061 1438 1109 fretus
1492 1062 1787 1123 reverentia,

103 1157 203 1203 qua
241 1141 508 1203 Homerica
546 1142 608 1189 ab
646 1140 928 1188 hominibus
968 1139 1128 1201 excipi
1174 1141 1420 1203 solebant,
1467 1143 1785 1204 popularium

104 1222 296 1269 animos
346 1237 588 1283 auresque
628 1219 916 1268 conciliaret
955 1220 1229 1269 audiendae
1275 1223 1546 1270 acerrimae
1594 1223 1670 1271 illi
1708 1239 1787 1272 ac-

103 1303 369 1362 cusationi,
410 1317 506 1363 qua
546 1301 885 1350 adversarium
925 1301 976 1347 in
1013 1302 1188 1363 populi
1225 1302 1463 1351 iudicium
1503 1297 1786 1369 arcessit²):

102 1399 230 1444 quae
255 1383 504 1430 accusatio
529 1398 585 1430 eo
614 1382 671 1429 fit
702 1381 927 1429 acerbior
958 1381 1090 1443 quod
1122 1383 1373 1443 epicorum
1403 1384 1671 1432 verborum
1700 1400 1785 1433 no-

100 1463 272 1511 bilitas
306 1478 362 1511 ac
393 1462 763 1526 magnificentia
794 1461 1025 1510 sordibus
1056 1463 1260 1523 pessimi
1282 1462 1418 1510 illius
1443 1464 1655 1512 hominis
1686 1480 1787 1513 non

101 1545 354 1607 convenit,
401 1559 502 1607 qua
548 1543 659 1606 ipsa
698 1542 1103 1591 dissimilitudine
1143 1543 1357 1591 efficitur
1395 1546 1453 1591 ut
1490 1544 1785 1606 improbitas

102 1629 251 1687 atque
281 1625 507 1687 nequitia
537 1625 611 1672 rei
641 1624 871 1673 videatur
909 1638 1020 1672 esse
1051 1623 1206 1672 etiam
1235 1624 1395 1672 multo
1427 1625 1785 1676 detestabilior.

213 1706 350 1754 Haec
375 1707 417 1753 si
440 1707 575 1754 recte
600 1705 858 1766 disputata
882 1707 1014 1767 sunt,
1040 1705 1195 1752 habes
1219 1704 1317 1752 duo
1341 1721 1528 1768 genera
1549 1708 1785 1768 parodiae

101 1789 211 1849 ipsa
252 1790 437 1835 natura
481 1786 686 1848 ipsoque
733 1786 937 1834 consilio
975 1785 1107 1834 inter
1147 1801 1200 1833 se
1246 1786 1515 1834 contraria:
1569 1788 1785 1837 alterum

100 1869 301 1917 honoris
340 1868 558 1916 Homero
605 1867 762 1916 debiti
807 1881 1010 1928 prorsus
1057 1882 1248 1915 memor
1291 1866 1431 1915 illius
1477 1884 1652 1917 versus
1699 1869 1785 1917 ad-

103 1950 246 1998 hibet
284 1952 342 1998 ut
381 1950 483 1997 suis
523 1949 677 1996 robur
716 1963 774 1997 ac
810 1963 989 1997 nervos
1027 1947 1200 2010 addat,
1246 1947 1461 1996 alterum
1498 1949 1618 1996 dum
1654 1950 1787 1999 risus

100 2031 357 2079 hominum
400 2032 600 2079 moveat
644 2045 707 2077 ne
753 2024 922 2078 divino
962 2027 1161 2090 quidem
1198 2031 1376 2090 poetae
1413 2030 1576 2091 parcit
1611 2046 1786 2080 versus

102 2112 208 2160 eius
240 2111 543 2172 detorquens
575 2111 726 2171 atque
756 2123 1099 2170 corrumpens3
1138 2107 1191 2156 in
1220 2111 1433 2171 utroque
1463 2110 1680 2159 imitatio
1708 2115 1786 2160 est

100 2191 320 2253 Homeri,
344 2189 432 2238 sed
454 2189 508 2237 in
530 2189 695 2251 priore
717 2189 805 2237 illo
822 2188 1048 2251 profecta
1062 2203 1093 2235 a
1109 2188 1303 2237 sincera
1318 2189 1424 2237 eius
1439 2190 1784 2254 admiratione,

99 2274 152 2320 in
191 2272 351 2319 altero
390 2271 455 2319 ad
490 2270 773 2319 irrisionem
811 2269 919 2318 eius
957 2268 1178 2317 tendens.
1239 2268 1347 2318 Hoc
1377 2269 1592 2319 alterum
1623 2287 1783 2334 genus

11 2387 18 2390 <
101 2351 263 2401 solum
288 2353 487 2400 nomine
511 2351 746 2413 parodiae
770 2343 975 2413 dignum
1001 2365 1109 2399 esse
1134 2349 1352 2413 videtur3
1391 2349 1596 2400 Polemo
1622 2353 1784 2415 specie

222 2466 266 2520 1)
298 2464 367 2507 De
391 2475 483 2518 quo
507 2475 631 2506 nunc
653 2461 763 2505 vide
785 2461 1023 2505 Wachsm.
1048 2460 1161 2504 fasc.
1179 2460 1223 2503 II
1245 2474 1277 2516 p
1306 2465 1363 2505 55
1380 2475 1481 2518 sqq.
1506 2463 1556 2506 et
1581 2467 1666 2508 188
1684 2479 1784 2521 sqq.

223 2531 268 2587 2)
299 2529 423 2574 Nam
447 2526 571 2579 ὅπως
599 2542 643 2572 v.
668 2533 696 2571 3
728 2526 1052 2585 accipiendum
1076 2527 1148 2571 est
1168 2526 1363 2572 notione
1386 2527 1539 2583 finali3
1571 2529 1629 2574 cf.
1655 2547 1687 2574 α
1712 2536 1784 2586 76,

101 2613 128 2654 γ
155 2601 230 2651 19,
269 2593 500 2653 imprimis
532 2595 556 2647 ξ
584 2598 668 2638 118
707 2591 863 2637 οὐκέθ’
901 2591 1034 2638 ἰόντα
1064 2596 1279 2650 λοχῶσιν,
1321 2591 1469 2645 ὅπως
1506 2594 1600 2639 ἀπὸ
1633 2598 1784 2651 φῦλον

22 2678 26 2683 ·
101 2659 326 2717 ὄληται,
371 2673 523 2716 neque
562 2673 679 2716 opus
717 2660 791 2703 est
826 2671 934 2703 cum
962 2658 1250 2703 Tenbrinkio
1285 2661 1335 2703 et
1364 2659 1543 2704 Cobeto
1582 2659 1785 2705 scribere

101 2726 290 2771 ὀλεῖται.
336 2725 591 2779 Quominus
616 2725 774 2769 autem
803 2726 1041 2771 vertamus
1074 2725 1324 2781 ‘quomodo
1346 2724 1616 2781 interierit’,
1646 2727 1703 2770 ut
1725 2726 1785 2771 de

100 2805 151 2836 re
196 2793 293 2836 iam
335 2791 546 2848 perfecta
591 2793 780 2849 agatur,
825 2790 1026 2848 impedit
1063 2793 1112 2835 et
1142 2789 1467 2835 coniunctime
1499 2788 1697 2848 ὄληται
1735 2793 1786 2837 et

100 2859 286 2915 tempus
316 2871 537 2914 praesens
578 2855 627 2909 ὃς
667 2853 852 2902 ἐσθίει
891 2857 947 2902 οὐ
979 2856 1101 2902 κατὰ
1130 2854 1326 2914 κόσμόνς
1366 2855 1424 2902 cf.
1454 2855 1786 2903 Paessensium

99 2937 255 2980 progr.
279 2937 314 2967 s.
338 2937 378 2968 c.
407 2938 455 2981 p.
479 2928 507 2968 8
538 2925 588 2969 et
620 2929 688 2969 18.

191 3005 371 3044 corpuso.
394 3005 424 3039 Ι.
1489 3002 1515 3040 3
