2038 3140
893 712 945 771 V

524 845 798 906 MATRO
846 845 1306 907 PITANAEVS

170 971 342 1021 Omnis
355 972 617 1034 parodicae
630 974 796 1036 poesis
808 971 1198 1035 pulcherrimum
1210 972 1762 1039 luculentissimumque

74 1053 323 1116 specimen
354 1056 580 1103 tenemus
604 1054 846 1103 Matronis
872 1052 1101 1102 Pitanaei
1119 1047 1336 1101 Ἀττικὸν
1362 1055 1598 1119 Δεῖπνον,
1630 1057 1763 1118 quod

74 1136 238 1183 totum
279 1133 418 1196 operi
457 1149 544 1183 suo
583 1134 851 1183 inseruisse
891 1134 1207 1182 Athenaeum
1253 1135 1487 1198 colligere
1532 1137 1652 1186 licet
1705 1154 1764 1186 ex

71 1215 133 1264 iis
157 1214 323 1264 verbis
349 1215 529 1277 quibus
555 1215 822 1264 honorifice
847 1215 1036 1264 inducit
1060 1229 1259 1262 carmen
1283 1215 1402 1263 libri
1419 1215 1492 1262 IV
1514 1233 1560 1278 p.
1590 1218 1762 1267 134d:

14 1318 22 1325 ‚
74 1290 314 1343 εἈττικὸν
377 1291 430 1342 δὲ
477 1294 681 1343 δεῖπνον
732 1293 824 1344 οὐκ
870 1292 1107 1359 ἀχαρίτως
1157 1294 1418 1360 διαγράφει
1463 1296 1689 1362 Μάτρων
1736 1294 1762 1347 ὅ

71 1374 324 1445 παρῳδός,
381 1374 520 1439 ὅπερ
577 1374 674 1424 διὰ
727 1374 786 1424 τὸ
842 1375 1097 1424 σπάνιον
1155 1374 1262 1424 οὐκ
1316 1373 1386 1424 ἂν
1441 1373 1764 1442 ὀκνήσαιμι

71 1455 238 1520 ὑμῖν,
294 1453 471 1522 ἄνδρες
518 1451 698 1520 φίλοι’,
755 1454 780 1504 ὁ
834 1455 1153 1520 Πλούταρχος
1201 1454 1322 1519 ἔφη,
1378 1453 1763 1523 ςἀπομνημο-

71 1533 322 1587 νεῦσαι’.
335 1531 379 1604 1)
458 1537 555 1586 Sed
602 1538 796 1586 exstitit
833 1531 1162 1604 Meinekius2)
1210 1539 1294 1599 qui
1339 1541 1549 1601 negaret
1598 1541 1764 1587 totum

74 1622 226 1682 atque
270 1619 524 1683 integrum
580 1634 780 1668 carmen
832 1618 896 1666 ab
941 1618 1203 1668 Athenaeo
1258 1619 1416 1668 fuisse
1471 1620 1764 1682 subiectum,

70 1715 189 1748 nam
234 1702 435 1762 praeter
486 1699 755 1748 manifesta
806 1698 1102 1747 lacunarum-
1153 1699 1338 1748 indicia
1390 1716 1545 1749 unum
1584 1701 1765 1750 saltem

71 1796 272 1830 versum
318 1780 380 1828 ab
426 1780 514 1828 illo
554 1779 739 1828 diserte
779 1794 806 1827 e
844 1778 1044 1847 Δείπνῳ
1092 1781 1281 1843 afferri,
1332 1782 1419 1844 qui
1456 1782 1508 1829 in
1547 1782 1764 1830 carmine

0 1867 3 1902 ἶ
69 1862 178 1925 ipso
216 1877 315 1910 non
353 1863 635 1925 appareret,
676 1859 804 1909 libro
843 1861 895 1909 II
932 1877 981 1922 p.
1023 1862 1126 1910 620
1167 1855 1252 1928 (fr.
1283 1855 1354 1928 1):

0 1966 2 1973 ·
317 1939 487 2007 ὄστρεά
525 1937 565 1990 τ’
601 1938 824 2005 ἤνεικεν,
867 1941 1067 2001 Θετίὸος
1103 1942 1363 2008 Νηρηίδος
1399 1942 1545 1993 ὕδνα.

184 2023 259 2072 Ac
290 2023 497 2072 lacunae
529 2023 728 2086 quidem
758 2023 876 2072 illae
907 2026 1013 2072 tam
1044 2024 1343 2073 manifestae
1375 2028 1504 2086 sunt,
1536 2027 1595 2074 ut
1623 2026 1763 2075 nullo

0 2105 4 2115 '
70 2106 218 2155 modo
264 2105 461 2168 possint
506 2104 687 2167 latere3
735 2119 858 2167 quas
897 2119 1097 2153 carmen
1133 2105 1356 2154 iacturas
1393 2108 1566 2154 utrum
1602 2106 1765 2169 prius·

73 2201 223 2248 quam
278 2185 341 2233 ab
396 2184 657 2233 Athenaeo
709 2184 819 2246 ipso
880 2185 933 2232 in
986 2199 1109 2246 opus
1164 2201 1311 2234 suum
1359 2187 1615 2248 receptum
1670 2188 1763 2249 est,

71 2270 355 2328 temporum
409 2264 593 2312 iniuria
647 2264 824 2313 fecerit
869 2279 933 2313 an
988 2265 1135 2327 culpa
1189 2265 1295 2314 eius
1347 2265 1433 2328 qui
1488 2268 1626 2315 sexto
1680 2267 1764 2316 vel

75 2347 286 2410 septimo
327 2346 526 2396 saeculo
557 2344 1063 2408 Dipnosophistarum
1100 2345 1255 2395 libros
1293 2346 1504 2410 triginta
1535 2347 1587 2394 in
1618 2347 1760 2409 quin-

74 2427 235 2477 decim
273 2427 520 2476 coartavit
558 2426 759 2475 eosdem
796 2442 920 2490 quos
961 2426 1078 2476 olim
1116 2426 1340 2490 integros
1378 2427 1508 2476 liber
1538 2426 1763 2477 Venetus

73 2508 361 2559 continebat
370 2501 439 2575 ³),
478 2507 576 2556 nisi
606 2508 822 2570 utraque
847 2523 927 2556 res
950 2507 1004 2556 in
1027 2522 1180 2557 causa
1202 2507 1314 2571 fuit,
1345 2523 1444 2558 non
1467 2507 1569 2556 iam
1591 2509 1763 2571 potest

193 2679 237 2733 1)
269 2676 484 2734 Amplius
507 2675 751 2721 Plutarchi
781 2675 1006 2721 sermonis
1037 2676 1280 2722 exordium
1310 2676 1457 2722 fuisse
1487 2675 1615 2732 quod
1636 2688 1760 2721 nunc

22 2763 25 2765 >
71 2741 307 2789 interierit
337 2743 476 2788 docet
505 2741 751 2787 Kaibeliue
781 2741 929 2798 praef.
962 2742 1024 2787 ad
1054 2742 1351 2788 Athenaeum
1377 2757 1424 2800 p.
1455 2741 1641 2787 XXVII.

192 2811 239 2866 2)
270 2808 526 2854 Exercitat.
556 2807 674 2866 phil.
707 2807 758 2852 in
787 2807 898 2854 Ath.
929 2808 951 2852 Ι
978 2822 1026 2865 p.
1052 2814 1121 2853 18.

195 2876 241 2932 3)
272 2873 343 2918 De
379 2874 470 2919 hoc
509 2873 743 2919 Athenaei
782 2872 1093 2932 epitomatore
1132 2873 1190 2921 cf.
1222 2873 1431 2919 Kaibelii
1466 2873 1665 2931 praefat.
1699 2874 1762 2919 ad

72 2938 368 2986 Athenaeum
396 2954 443 2998 p.
467 2939 576 2985 XXI
594 2954 692 2997 sqq.
