2038 3140
133 148 537 182 FR.XX1v—xxlx
774 157 833 164 —
919 127 1024 181 153
1108 156 1168 164 —

170 261 271 329 τὴν
308 260 556 328 κεφαλὴν
597 257 647 311 δ’
686 260 859 312 αὐτοῦ
898 261 1073 328 μόνον
1114 259 1263 311 ὠνοῦ
1302 256 1392 312 καὶ
1433 256 1545 327 μετ’
1585 258 1796 326 ἐκείνης

173 348 428 417 οὐραῖον,
460 349 526 400 τὰ
566 345 626 401 δὲ
659 350 821 401 λοιπὰ
855 349 1054 417 δόμον,
1089 348 1315 416 <φίλε,>
1349 345 1475 416 μηδ’
1516 346 1817 416 ἐσενέγκῃς.

0 439 135 506 ’μω
172 434 263 488 καὶ
302 438 493 504 λεβίην
531 436 681 504 λαβέ,
720 438 931 506 Μόσχε,
971 437 1068 489 τὸν
1107 437 1336 504 ἥπατον,
1377 435 1437 488 ἐν
1475 436 1815 506 περικλύστῳ
1835 444 1909 486 (30)

6 518 10 519 ⁷
171 527 342 596 Δήλῳ
380 522 471 577 καὶ
517 527 690 597 Τήνῳ.

0 629 130 717 ⁵kvm
637 643 853 710 σάλπην
894 640 955 695 δὲ
992 643 1163 695 κακὸν
1202 638 1304 710 μὲν
1344 643 1516 710 ἔγωγε
1839 650 1910 691 (37)

0 758 8 815 3
172 733 340 800 ἰχθὺν
381 732 458 794 εἰς
497 729 603 784 αἰεὶ
643 733 840 800 κρίνω·
881 731 1063 798 βρωτὴ
1105 727 1166 782 δε
1206 730 1442 798 μάλιστα

0 818 10 909 ²3
170 818 284 872 ἐστὶ
322 818 686 889 θεριζομένου
727 821 898 871 σίτου.
977 817 1109 886 λαβε
1150 816 1201 870 δ’
1242 818 1302 871 ἐν
1341 819 1639 887 Μυτιλήνῃ

0 918 134 957 &XIX
173 907 361 976 αὐτήν.
393 909 410 976 ΙΙ
440 907 499 960 ἐν
541 904 601 960 δὲ
644 907 808 978 Θάσῳ
848 908 947 959 τὸν
987 910 1255 976 σκορπίον
1297 907 1472 974 ὠνοῦ,
1513 905 1610 959 ἐὰν
1649 898 1684 975 ᾖ
1839 914 1911 955 (42)

172 997 243 1064 μὴ
285 998 484 1065 μείζων
522 997 789 1063 πυγόνος·
829 994 1069 1063 μεγάλου
1110 992 1159 1047 δ’
1199 994 1304 1048 ἀπὸ
1345 1002 1530 1064 χεῖρας
1569 997 1734 1046 ἴαλλε.

637 1118 838 1151 HOMERI
875 1117 1069 1151 VERSVS
1109 1116 1309 1150 SIMILES

44 1177 217 1222 XXVII
243 1182 265 1220 1
286 1191 352 1232 sq.
377 1176 551 1232 Δήλοιο
582 1177 887 1233 περικλύστης
917 1176 1074 1232 hymn.
1099 1177 1150 1220 in
1173 1175 1260 1232 Ap.
1286 1176 1422 1232 Pyth.
1449 1180 1474 1219 3
1501 1175 1579 1234 [=
1598 1175 1704 1233 181]

134 1242 283 1286 XXIX
315 1247 340 1286 2
369 1241 418 1286 οἷ
430 1239 476 1286 δ’
498 1238 573 1286 ἐπ’
594 1240 785 1287 ὀνείαθ’
808 1237 969 1300 ἑτοῖμα
989 1244 1275 1300 προκείμενα
1293 1247 1451 1299 χεῖρας
1467 1244 1625 1287 ἴαλλον
1651 1248 1679 1286 I
1693 1248 1746 1286 91
1760 1242 1820 1286 al.

365 1304 466 1352 ἀλλ’
495 1309 519 1353 ὅ
551 1305 597 1366 γ’
626 1309 824 1362 ἀναΐξας
857 1305 1039 1366 ἑτάροις
1064 1305 1141 1353 ε’πὶ
1173 1314 1331 1366 χεῖρας
1363 1310 1517 1353 ἴαλλεν
1552 1327 1568 1352 ι
1590 1313 1678 1353 288

824 1426 1139 1460 TESTIMONIA

0 1276 12 1558 ὲ
246 1491 439 1539 XXVII
491 1492 611 1540 Ath.
644 1491 741 1539 VII
775 1494 938 1541 3010:
981 1487 1047 1540 Ἀ.
1091 1487 1135 1539 δ’
1173 1487 1198 1539 ὅ
1238 1499 1335 1540 τῶν
1375 1491 1590 1540 δείπνων
1621 1490 1826 1556 λοχαγός

136 1578 291 1629 φησιν
323 1562 459 1613 «καὶ
495 1591 556 1597 -
599 1563 816 1634 Τήνῳ».

246 1638 463 1687 XXVIII
521 1639 638 1687 Ath.
680 1639 778 1686 VII
818 1641 984 1688 321oe
1033 1634 1102 1686 ’A.
1142 1636 1195 1687 δέ
1242 1651 1397 1703 φησιν
1443 1637 1715 1701 «σάλπην
1756 1664 1822 1671 -

136 1711 374 1776 αὐτήν».

249 1786 412 1834 ΧΧΙΧ
451 1786 569 1835 Ath.
595 1785 694 1834 VII
721 1786 882 1835 32sz
915 1782 941 1834 ὅ
967 1781 1012 1834 δ’
1034 1781 1316 1849 ὀψαρτυτὴς
1333 1781 1402 1834 ’A.
1427 1783 1481 1834 ἐν
1504 1789 1605 1844 τοῖς
1628 1788 1828 1849 χρυσοῖς

0 1878 14 1915 ι
137 1857 271 1909 ἔπεσι
307 1857 433 1926 λέγει
472 1858 570 1908 «ἐν
605 1887 668 1894 -
706 1859 914 1908 ἴαλλε».
986 1859 1218 1908 Eustath.
1257 1861 1413 1922 1403,
1450 1862 1539 1908 11:
1581 1856 1739 1908 ἰστέον
1774 1855 1827 1907 δὲ

138 1931 210 1982 ὅτι
247 1939 334 1982 τοῦ
378 1936 538 1998 χεῖρας
576 1931 820 1982 ἐπιάλλειν
853 1930 1064 1998 ἑτεροῖόν
1096 1931 1193 1981 ἐστι
1223 1931 1275 1982 τὸ
1307 1931 1404 1982 ἀπὸ
1437 1936 1597 1997 χεῖρας
1629 1931 1823 1992 ἰάλλειν.

137 2005 293 2056 ἐκεῖνο
333 2003 423 2071 μὲν
460 2025 554 2073 γαρ
591 2004 770 2055 ταύτόν
810 2004 908 2055 ἐστι
945 2009 1011 2075 τῷ
1050 2005 1119 2065 εἰς
1157 2007 1343 2071 βρῶσιν
1382 2003 1544 2072 άγειν,
1590 2012 1732 2055 τοῦτο
1773 2002 1826 2054 δὲ

137 2078 385 2129 ἀνάπαλιν
420 2078 540 2144 ε’χει,
586 2077 654 2138 ὥς
693 2080 846 2144 δῆλον
885 2077 939 2129 ἐκ
974 2085 1062 2128 τοῦ
1102 2077 1163 2128 ἐν
1202 2077 1263 2128 δὲ
1306 2079 1475 2148 Θάσῳ
1514 2078 1613 2128 τὸν
1653 2094 1826 2142 σκορ-

137 2153 281 2202 πίον
322 2150 480 2203 ὠνοῦ
519 2150 582 2201 αν
586 2153 645 2243 ’ᾗ
678 2150 752 2216 μὴ
793 2152 975 2215 μείων
1010 2152 1299 2218 πυγόνος,
1338 2152 1596 2218 μεγάλου
1629 2147 1674 2201 δ’
1711 2149 1826 2200 ἀπὸ

138 2231 336 2291 χεῖρας
383 2225 542 2275 ἴαλλε
580 2244 740 2291 ηγουν
778 2222 924 2290 άπεχε
961 2243 1134 2290 απαγε.
1209 2224 1292 2275 καὶ
1331 2244 1421 2291 ορα
1458 2226 1644 2289 τηλίκοι
1683 2238 1827 2290 σκορ-

138 2300 243 2349 πίοι
283 2298 335 2349 ἕν
379 2298 525 2368 Θάσῳ
564 2298 830 2348 θαλάσσιοι
867 2297 1052 2364 λέγεται
1091 2293 1217 2348 εἶναι
1257 2293 1336 2366 (!).

693 2417 948 2451 VARIETAS
987 2418 1261 2452 an'rloms

257 2475 410 2521 XXVI
461 2482 490 2521 4
529 2474 640 2535 μηδ’
684 2474 948 2534 εἰσενέγκῃς
984 2476 1052 2530 A,
1107 2474 1253 2533 δόμον
1300 2475 1383 2520 σὸν
1429 2474 1541 2533 μηδ’
1584 2471 1829 2534 ἐσενέγκῃς

138 2543 371 2599 Meineke‚
402 2545 444 2588 δ.
470 2540 583 2600 μηδ’
612 2544 719 2587 εἴσω
752 2538 944 2600 ἐνέγκῃς
975 2541 1403 2599 Schweighaeuser,
1429 2541 1613 2599 explevi
1645 2543 1752 2598 φίλε

260 2577 431 2654 XXVII
466 2615 487 2653 1
521 2610 702 2668 λεβίηνε
734 2609 895 2668 λεβίαν
925 2608 973 2653 A
1037 2609 1198 2667 λαβεῖν
1224 2606 1598 2664 οσχετονήπατον
1620 2608 1680 2662 A,
1714 2605 1827 2667 λαβὲ

142 2674 338 2731 Gesner,
370 2676 527 2720 cetera
558 2675 864 2720 emendarunt
895 2674 1188 2719 Valckenaer
1219 2675 1268 2719 et
1297 2673 1620 2718 Hemsterhuis

265 2741 462 2786 XXVIII
491 2747 519 2786 2
543 2741 620 2786 ἀεὶ
645 2741 708 2797 A,
741 2738 864 2786 εἶναι
887 2740 964 2786 ἀεὶ
986 2739 1304 2785 Wilamowitz
1393 2745 1421 2783 3
1453 2738 1697 2797 μιτυλήνηι
1720 2740 1826 2797 ΑΟ,

142 2821 258 2854 corr.
289 2807 497 2853 Dindorf

116 2900 123 2905 »
261 2873 414 2918 XXIX
443 2877 468 2917 1
494 2869 547 2919 ἐν
570 2872 630 2930 δὴ
652 2871 811 2918 θάσωι
838 2874 885 2917 A
954 2870 1015 2917 ἂν
1036 2867 1088 2928 ἧι
1110 2872 1172 2927 A,
1203 2884 1320 2916 corr.
1344 2870 1550 2916 Dindorf
1634 2876 1660 2916 2
1686 2873 1830 2929 μείων

142 2939 248 2996 AG',
280 2933 396 2986 c'orr.
428 2939 484 2986 H.
517 2939 784 2997 Stephanus
