2038 3140
153 178 399 213 GELENSIS
794 190 856 197 —
941 161 1045 213 135
1126 191 1188 198 —

155 298 206 343 et
244 296 417 344 labrax
449 299 746 346 tractantur.
811 296 903 344 Cui
934 297 1228 359 fragmento,
1268 301 1324 345 ut
1357 314 1508 359 supra
1540 300 1831 360 monuimus,

156 377 519 437 praemittenda
545 381 660 426 sunt
686 379 969 439 fragmenta
993 378 1252 425 XXXXIII
1279 381 1328 426 et
1352 378 1621 442 XXXXIV,
1655 379 1831 441 quibus

155 457 217 505 de
256 474 312 506 eo
343 459 477 520 pisce
509 460 680 522 agitur
713 459 796 521 qui
828 459 930 507 sine
964 459 1252 522 cognomine
1285 461 1503 508 cestreus
1537 461 1828 521 appellatur.

156 537 418 588 Commode
458 541 632 588 deinde
681 541 970 588 adnectetur
1009 540 1068 587 fr.
1108 539 1378 590 XXXXVI.
1453 540 1582 587 Nam
1622 557 1732 589 cum
1773 542 1831 589 fr.

153 618 382 668 XXXXV
406 621 600 669 dicatur
622 638 667 670 v.
689 623 718 670 3
745 618 835 669 εἰσὶ
858 618 948 685 γὰρ
975 615 1176 668 ἐνθάδ’
1199 614 1327 684 (scil.
1346 614 1575 687 Mileti)
1601 618 1831 684 ἄριστοι

154 693 280 762 (scil.
314 702 548 763 cephalus
583 705 633 750 et
663 694 880 767 labrax),
922 716 1046 762 quae
1087 701 1334 748 sententia
1364 701 1606 762 repetitur
1637 717 1681 749 v.
1712 704 1739 749 7
1760 717 1831 763 sq.

153 778 375 830 ἐκεῖνοι
413 778 458 830 δ’
496 780 634 846 εἰσὶν,
667 780 837 847 ἒταΐρε,
873 779 878 843 Ι
913 778 1017 843 τὴν
1049 777 1264 843 ἀρετὴν
1296 781 1590 844 θαυμαστοί,
1626 786 1832 843 apparet

148 865 350 923 poetam
376 864 541 912 verbis
567 863 834 925 fragmenti
858 861 1115 909 XXXXVI
1146 859 1241 909 καὶ
1274 861 1445 925 σελάχη
1478 859 1641 924 μέντοι
1664 858 1827 924 κλεινὴ

149 941 422 1006 Μίλητος
461 940 668 1009 ἄριστα
703 938 709 1008 l
744 940 960 1007 ἐκτρέφει
1011 943 1074 990 ad
1118 943 1231 991 illos
1270 958 1443 991 versus
1483 943 1829 1004 respicientem

147 1023 478 1087 cartilaginea
517 1041 714 1089 quoque
754 1041 880 1088 quae
919 1024 1052 1087 apud
1091 1024 1297 1071 eandem
1330 1024 1503 1072 urbem
1536 1026 1831 1085 caperentur

148 1103 446 1154 laudavisse.
525 1106 585 1154 In
629 1107 738 1169 ipso
784 1121 901 1154 vero
948 1106 1006 1152 fr.
1046 1104 1303 1152 XXXXVI
1342 1104 1472 1166 quod
1510 1103 1830 1166 cartilaginea

149 1190 611 1249 commemorantur,
639 1203 694 1236 eo
721 1187 782 1235 ad
807 1186 942 1234 aliud
968 1185 1278 1233 adducimur:
1310 1185 1402 1234 hoc
1427 1184 1558 1233 enim
1582 1183 1830 1233 communi

147 1266 304 1315 totius
346 1267 518 1316 classis
557 1267 766 1329 piscium
805 1267 1002 1315 nomine
1033 1265 1303 1327 praemisso
1336 1281 1447 1313 cum
1480 1266 1575 1313 duo
1609 1264 1830 1313 eiusdem

146 1346 322 1395 classis
370 1349 527 1410 pisces
574 1349 932 1410 producantur,
987 1346 1128 1394 rhine
1176 1348 1226 1393 et
1262 1347 1551 1408 platynotus
1590 1346 1827 1408 liobatus‚

144 1432 491 1489 exspectamus
537 1431 737 1490 poetam
786 1428 884 1476 alia
931 1442 1123 1488 quoque
1170 1426 1606 1489 cartilagineorum
1645 1440 1830 1489 genera

147 1506 241 1555 hoc
272 1508 379 1556 loco
413 1509 709 1558 adiunxisse.
766 1508 991 1557 Nominis
1024 1510 1192 1555 autem
1214 1507 1376 1554 Plinio
1408 1510 1537 1555 teste
1571 1501 1652 1572 (cf.
1681 1522 1830 1569 supra

147 1603 195 1648 p.
239 1584 368 1654 123)
407 1590 638 1638 inventor
678 1591 754 1637 est
791 1588 1111 1646 Aristoteles,
1153 1587 1240 1650 qui
1280 1587 1343 1635 H.
1383 1587 1442 1634 A.
1482 1604 1529 1650 p.
1570 1588 1716 1635 540b
1762 1590 1826 1635 17

146 1667 245 1717 ait:
287 1668 460 1733 σελάχη
502 1659 548 1717 δ’
585 1667 682 1717 ἐστὶ
718 1668 778 1717 τά
814 1687 862 1718 τε
894 1665 1124 1733 εἰρημένα
1163 1661 1318 1735 (inter
1349 1683 1475 1731 quae
1507 1671 1623 1716 sunt
1654 1666 1830 1731 βάτος

150 1751 202 1796 et
249 1743 385 1816 ῥίνη)
440 1747 523 1797 καὶ
568 1751 692 1814 βοῦς
743 1747 826 1798 καὶ
871 1749 1020 1813 λαμία
1072 1746 1154 1797 καὶ
1199 1746 1337 1807 ἀετὸς
1389 1745 1471 1796 καὶ
1508 1747 1694 1812 νάρκη
1748 1746 1830 1796 καὶ

150 1828 447 1895 βάτραχος
501 1828 584 1878 καὶ
632 1830 792 1879 πάντα
845 1827 904 1877 τὰ
956 1828 1178 1894 γαλεώὸη
1227 1823 1309 1896 (cf.
1356 1828 1475 1878 Ath.
1514 1829 1611 1876 VII
1661 1829 1828 1891 286b,

145 1910 271 1959 Plin.
313 1911 374 1959 N.
416 1911 477 1958 H.
517 1911 588 1958 IX
630 1905 739 1978 78).
817 1910 1280 1959 Commemorantur
1319 1926 1418 1957 una
1456 1908 1610 1974 νάρκη
1651 1912 1701 1958 et
1739 1908 1829 1974 βά-

147 2007 324 2055 τραχος
355 2007 385 2040 a
412 1993 747 2041 Mnesimacho
771 2008 847 2054 ap.
873 1992 992 2041 Ath.
1017 1991 1088 2040 IX
1113 1993 1218 2040 402
1230 1991 1270 2054 f;
1301 1990 1352 2038 Π
1377 1992 1482 2040 478
1510 1991 1648 2039 Kock
1672 2007 1716 2040 v.
1743 1992 1828 2052 37,

147 2071 272 2120 item
309 2070 487 2136 νάρκαι
526 2076 579 2121 et
615 2072 809 2136 βατίδες
848 2073 910 2121 ab
950 2073 1248 2135 Epicharmo
1289 2087 1366 2134 ap.
1390 2072 1509 2120 Ath.
1534 2071 1631 2119 VII
1658 2072 1827 2134 286b3

150 2168 198 2213 p.
226 2153 331 2199 232
356 2151 559 2201 Lorenz.
598 2153 735 2215 Ergo
760 2153 992 2215 quoniam
1015 2153 1178 2201 tribus
1201 2151 1494 2214 fragmentis
1518 2151 1828 2200 Archestrati

144 2234 428 2280 tractantur
465 2231 728 2296 βάτραχος,
766 2231 950 2297 νάρκη,
989 2231 1150 2297 βατίς,
1196 2233 1332 2280 hisce
1370 2231 1492 2293 ipsis
1532 2231 1826 2295 fragmentis

142 2312 790 2369 XXXXVII—XXXXIX
835 2313 972 2361 locus
1012 2316 1127 2375 post
1170 2312 1296 2360 illud
1341 2313 1401 2361 fr.
1439 2311 1696 2359 XXXXVI
1734 2311 1826 2361 tri·

144 2393 373 2442 buendus
414 2396 504 2442 est.
566 2388 788 2441 Primum
826 2394 970 2455 posui
1010 2395 1067 2441 fr.
1100 2392 1396 2453 XXXXVII,
1435 2392 1574 2441 cuius
1615 2408 1644 2441 a
1674 2392 1826 2441 verbo

139 2473 390 2523 σκεύασον
399 2475 613 2523 fortasse
624 2474 810 2536 pendet
821 2474 1133 2523 accusativus
1143 2473 1332 2538 νάρκην
1342 2467 1423 2540 (fr.
1436 2473 1741 2521 XXXXVIII
1756 2467 1826 2539 1).

142 2553 321 2603 Paullo
368 2556 550 2604 certius
596 2555 719 2603 mihi
764 2555 965 2604 videtur
1004 2555 1265 2604 coniuncta
1309 2555 1442 2603 inter
1481 2569 1532 2603 se
1570 2554 1723 2603 fuisse
1762 2554 1824 2602 fr.

141 2634 456 2684 XXXXVIII
487 2638 538 2685 et
560 2635 816 2684 XXXXIX
845 2639 1112 2698 propterea
1144 2636 1275 2699 quod
1304 2636 1357 2683 in
1386 2637 1598 2698 utroque
1627 2633 1825 2683 nomine

143 2715 292 2777 piscis
331 2717 534 2766 additur
572 2715 765 2781 ἑφθήν,
810 2717 862 2765 in
907 2720 1118 2780 utroque
1166 2716 1343 2765 deinde
1386 2729 1508 2765 usus
1557 2714 1824 2764 eorundem

136 2796 588 2862 condimentorum,
619 2798 752 2847 casei
782 2800 834 2845 et
864 2797 1048 2846 herbae
1078 2796 1354 2859 fragrantis
1386 2821 1453 2830 —
1478 2810 1594 2843 nam
1625 2794 1824 2856 σίλφιον

145 2892 344 2939 quoque
383 2877 499 2943 χλόη
539 2876 730 2942 εὐώδης
768 2879 847 2926 est
882 2904 956 2911 —
995 2878 1381 2927 commendatur.

255 2957 517 3022 Pergimus
563 2960 627 3008 ad
673 2957 867 3024 ταρίχη,
921 2958 1236 3007 salsamenta.
1317 2957 1510 3009 Horum
1562 2959 1662 3008 tria
1712 2977 1825 3023 pro·
