2038 3140
145 136 462 171 FRAGMENTA
786 147 848 154 -
937 116 1037 169 185
1117 145 1179 153 —

145 247 333 318 τόπων)
375 253 459 301 sed
500 253 651 301 etiam
690 252 811 301 civis
845 253 996 300 fuerit
1029 244 1230 317 (ἡμεῖς).
1291 251 1397 298 Iam
1432 266 1544 298 cum
1577 250 1827 312 Hipponio

145 335 216 382 ait
262 334 479 395 thynnos
525 349 615 395 per
661 334 820 381 multa
866 332 1024 379 maria
1070 332 1133 379 ad
1179 331 1396 392 patriam
1448 346 1589 379 suam
1629 331 1827 393 deferri,

147 414 271 463 Gela
309 415 524 462 fortasse
563 414 730 477 potius
772 414 920 461 debet
960 412 1189 474 intellegi
1238 427 1387 474 quam
1427 412 1722 475 Syracusae,
1773 415 1829 460 ut

147 510 273 557 quae
312 495 509 557 longius
550 495 612 543 ab
644 494 893 556 Hipponio
933 493 1067 541 absit
1106 497 1255 554 atque
1293 494 1344 540 in
1383 508 1470 541 ora
1503 492 1698 542 Siciliae
1731 493 1830 541 sita

149 576 214 623 sit
251 576 463 623 maxime
503 576 763 624 contraria.

255 656 439 703 XXXV
465 656 735 704 Ribbeckio
753 656 1018 704 videbatur
1034 654 1375 703 collocandum
1393 658 1506 716 post
1521 656 1582 703 fr.
1598 654 1829 702 XXXXV

146 739 205 784 ut
243 737 398 784 verba
438 734 498 785 οὐ
537 735 630 801 γὰρ
670 733 736 798 μὴ
779 733 839 782 σὺ
880 733 1179 803 διαφθείρῃς
1216 730 1285 799 γ’,
1334 730 1442 783 οὐδ’
1479 733 1541 782 ἂν
1581 733 1830 802 ἐπιθυμῇς

144 820 514 877 opponerentur
566 817 652 875 iis,
706 831 834 877 quae
887 815 990 862 illic
1037 815 1098 863 de
1146 814 1471 877 Syracusanis
1518 820 1569 863 et
1613 812 1835 865 Italiotis‘

145 895 310 944 omnia
355 895 794 958 pessumdantibus
842 896 1094 957 leguntur.
1180 895 1321 951 Quod
1358 896 1693 944 necessarium
1731 911 1830 944 non

145 980 242 1039 est3
283 993 446 1026 meam
486 977 786 1026 sententiam
823 976 935 1025 vide
969 975 1030 1023 ad
1061 975 1227 1023 XXIV
1255 979 1301 1023 1.
1362 969 1431 1025 V.
1458 971 1514 1025 6.
1558 977 1829 1037 Aptissime

145 1058 292 1106 affert
338 1058 641 1107 Ribbeckius
688 1056 937 1105 Ananium
987 1071 1064 1118 ap.
1104 1056 1221 1104 Ath.
1261 1055 1360 1103 VH
1409 1056 1557 1104 282b
1606 1050 1683 1123 (H
1724 1058 1828 1106 502

142 1137 317 1201 Bergk
334 1132 398 1203 4):
468 1145 565 1186 τῶν
617 1139 782 1185 καλῶν
810 1131 880 1202 Ιδ’
935 1131 1079 1198 ὄψων
1126 1132 1326 1200 ἄριστον
1370 1134 1510 1200 καρὶς
1554 1135 1608 1185 ἐκ
1654 1135 1832 1200 συκέης

145 1217 353 1280 φύλλου.
394 1218 571 1267 Amiae
597 1217 862 1266 σκευασίαν
887 1217 1119 1265 similiter
1136 1217 1373 1266 describit
1390 1217 1597 1266 Sotades
1615 1219 1831 1267 comicus

143 1301 278 1361 apud
315 1301 436 1348 Ath.
467 1299 565 1346 VII
606 1301 752 1348 293a
792 1291 866 1364 (II
906 1299 1012 1346 448
1055 1292 1216 1362 Kock)
1256 1314 1301 1345 v.
1337 1300 1404 1346 26
1425 1314 1551 1360 sqq.:
1591 1296 1743 1361 ἀμίαν
1781 1317 1831 1348 τε

145 1378 319 1443 χήραν,
358 1379 542 1443 θηρίον
581 1377 732 1426 καλὸν
772 1376 990 1442 σφόδρα,
1025 1372 1032 1443 Ι
1066 1378 1253 1441 θρίοισι
1291 1377 1472 1441 ταύτην
1510 1378 1616 1437 ἅλις
1655 1378 1830 1449 ἐλᾳδίῳ

145 1458 266 1519 διεὶς
294 1454 298 1527 Ι
328 1458 683 1525 ἐσπαργάνωσα
706 1458 977 1523 περιπάσας
1010 1455 1259 1523 ὀρίγανον,
1288 1452 1293 1524 Ι
1321 1456 1570 1522 ἐνέκρυψά
1593 1455 1649 1508 θ’
1672 1459 1831 1525 ὥσπερ

145 1539 298 1589 δαλὸν
337 1539 406 1599 εἰς
442 1538 631 1603 πολλὴν
669 1537 867 1604 τέφραν.
922 1533 1015 1591 .V.
1059 1534 1113 1589 7.
1172 1539 1359 1587 Similis
1407 1541 1595 1601 ellipsis
1642 1542 1833 1603 legitur

142 1622 204 1670 fr.
227 1621 484 1669 XXXXIX
511 1623 541 1669 2
574 1618 657 1668 καὶ
681 1619 831 1688 ταύτῃ
854 1618 1004 1683 τυρὸν
1026 1618 1109 1668 καὶ
1133 1619 1346 1682 σίλφιον.
1394 1619 1490 1669 Sed
1514 1621 1637 1669 ferri
1659 1624 1832 1685 nequit

147 1705 325 1765 λῆρον,
386 1702 557 1764 itaque
619 1701 794 1762 scripsi
854 1697 922 1763 μὴ
972 1695 1133 1750 ’λαιον
1194 1701 1389 1749 collatis
1453 1702 1513 1749 fr.
1562 1703 1728 1751 XXXI
1785 1706 1832 1767 6,

142 1782 452 1830 XXXXVIII
488 1786 514 1830 1
536 1798 623 1845 sq.,
662 1781 919 1829 XXXXIX
952 1783 997 1830 2.
1060 1776 1130 1830 V.
1165 1776 1221 1831 8.
1259 1782 1533 1831 Ribbeckio
1567 1784 1833 1846 displicent

144 1863 302 1913 verba
338 1860 392 1911 ἐν
432 1869 587 1926 συκῆς
625 1862 830 1925 φύλλοις
865 1877 924 1910 ex
955 1878 999 1910 v.
1036 1863 1065 1909 6
1101 1862 1329 1924 repetita,
1369 1864 1455 1912 sed
1493 1865 1679 1912 maiore
1720 1879 1832 1912 cum

145 1944 309 1992 studio
362 1945 455 1993 hoc
506 1946 830 2006 praeceptum
884 1945 1035 2004 poeta
1080 1944 1408 1993 commendat.
1499 1938 1567 1994 V.
1620 1939 1692 1993 14
1740 1961 1832 2007 pro

145 2021 340 2073 κλεινὸν
364 2023 782 2072 Stadtmuellerus
817 2022 1099 2084 suspicatur
1127 2026 1313 2072 κεῦθεν.
1366 2024 1555 2072 Eodem
1585 2041 1631 2074 v.
1657 2026 1834 2087 scripsi

146 2104 308 2169 χείρω,
340 2104 472 2166 qnod
496 2104 800 2152 commodius
825 2102 885 2150 ad
911 2101 1062 2165 λήψει
1092 2119 1242 2165 quam
1265 2105 1329 2152 ad
1351 2103 1566 2170 γίγνεται
1588 2106 1830 2168 refertur3

146 2185 207 2233 cf.
245 2185 307 2232 fr.
344 2183 581 2232 XXXXII
621 2186 667 2232 2.
745 2182 960 2231 Causam
998 2183 1367 2245 depravationis
1405 2185 1544 2233 illius
1583 2186 1732 2247 piscis
1773 2202 1833 2235 ex

144 2265 207 2314 fr.
233 2264 304 2312 XI
337 2268 388 2314 et
418 2264 627 2312 XXXIV
658 2263 846 2326 poteris
878 2262 1195 2325 intellegere3
1231 2278 1348 2311 nam
1379 2268 1437 2312 ut
1465 2265 1658 2327 helopis
1684 2265 1831 2328 Syra·

146 2354 316 2406 cusae,
356 2346 432 2394 ita
468 2346 629 2394 amiae
665 2344 962 2407 Byzantium
999 2359 1107 2392 esse
1145 2345 1311 2405 patria
1348 2346 1627 2395 ferebatur:
1675 2348 1832 2397 Arist.

146 2426 210 2475 N.
235 2426 298 2474 H.
325 2427 373 2490 8,
406 2428 473 2475 15
512 2423 751 2482 θυννίδες
790 2419 843 2471 δὲ
879 2420 962 2471 καὶ
999 2422 1283 2487 πηλαμύδες
1320 2423 1403 2474 καὶ
1440 2423 1610 2490 ἀμίαι
1647 2427 1718 2487 εἰς
1748 2427 1833 2478 τὸν

144 2505 346 2557 Πόντον
400 2504 696 2571 ἐμβάλλουσι
748 2509 836 2552 τοῦ
891 2501 1035 2567 ἔαρος
1085 2502 1169 2552 καὶ
1214 2506 1518 2571 θερίζουσιν·
1543 2543 1556 2556 .
1582 2549 1591 2557 .
1617 2544 1631 2559 .
1677 2507 1760 2558 καὶ
1805 2507 1833 2559 ὅ

144 2586 321 2653 γόνος
361 2582 422 2635 δὲ
459 2584 586 2635 τότε
624 2582 835 2649 μικρὸς
873 2580 1175 2633 ἁλίσκεται
1212 2584 1347 2652 περὶ
1376 2587 1731 2650 Βυζάντιον;
1770 2591 1832 2639 cf.

148 2668 218 2717 ib.
253 2669 302 2729 5,
345 2670 393 2731 9,
433 2669 463 2716 5
506 2665 563 2716 αἱ
589 2662 642 2715 δὲ
673 2663 957 2729 πηλαμύδες
986 2661 1070 2713 καὶ
1101 2663 1155 2714 οἱ
1177 2665 1364 2717 θύννοι
1393 2667 1638 2718 τίκτουσιν
1675 2668 1731 2719 ἐν
1766 2673 1835 2740 τῷ

145 2747 345 2818 Πόντῳ,
377 2744 556 2797 ἄλλοθι
581 2742 626 2796 δ’
648 2743 725 2796 οὔ.
778 2740 850 2796 V.
877 2739 953 2795 14
986 2746 1348 2797 sententiarum
1371 2764 1585 2799 conexus
1605 2753 1834 2814 postulat

145 2832 205 2879 ut
243 2829 517 2879 scribamus
557 2825 771 2896 ἀμείψῃ,
821 2827 891 2876 sic
928 2827 1059 2876 enim
1096 2826 1192 2876 loci
1229 2827 1507 2879 mutatione
1537 2830 1600 2878 ad
1629 2831 1832 2894 piscem,

146 2925 248 2960 non
278 2909 341 2959 ad
372 2925 486 2959 eum
517 2909 605 2971 qui
634 2908 780 2957 illum
808 2908 956 2970 capit,
994 2904 1155 2958 relata
1185 2907 1372 2970 optime
1401 2909 1628 2971 procedit
1658 2911 1831 2962 oratic.
