2038 3140
578 768 1452 831 BATPAXOMTOMAXIA

228 926 576 998 [Ἀρχόμενος
614 938 835 999 πρῶτον
874 933 1127 982 Μουσῶν
1165 930 1334 999 χορὸν
1375 929 1429 994 ἐξ
1461 926 1755 991 Ἑλικῶνος

152 1016 340 1070 ἐλθεῖν
379 1019 457 1081 εἰς
497 1018 628 1087 ε’μὸν
668 1014 802 1088 ἦτορ
843 1018 1139 1087 ἐπεύχομαι
1179 1015 1340 1070 εἵνεκ’
1388 1017 1605 1086 ἀοιδῆς,

151 1105 220 1173 ἣν
259 1104 388 1159 νέον
428 1106 487 1159 ἐν
527 1105 803 1160 δέλτοισιν
841 1107 992 1176 ἐμοῖς
1031 1105 1118 1159 ἐπὶ
1156 1107 1393 1174 γούνασι
1430 1111 1603 1175 θ’ἥκα,

152 1195 314 1263 δῆριν
354 1194 698 1264 ἀπειρεσίην,
735 1197 1147 1264 πολεμόκλονον
1186 1197 1351 1265 ἔργον
1376 1195 1603 1266 ’Ἀρηος,

92 1298 116 1336 5
150 1282 445 1351 εὐχόμενος
484 1285 815 1352 μερόπεσσιν
855 1283 909 1345 ἐς
949 1283 1121 1336 οὔατα
1158 1291 1292 1335 πᾶσι
1332 1283 1629 1357 βάλεσθαι,

147 1379 262 1432 πῶς
299 1371 432 1439 μύες
472 1370 532 1424 ἐν
570 1372 928 1441 βατράχοισιν
968 1372 1387 1442 ἀριστεύσαντες
1428 1374 1658 1440 ἔβησαν,

147 1457 426 1527 γηγενέων
467 1459 690 1529 ἀνδρῶν
729 1461 1059 1529 μιμούμενοι
1098 1462 1231 1530 ε”ργα
1272 1462 1573 1528 Γιγάντων.

149 1548 222 1610 ὡς
259 1549 423 1616 λόγος
462 1547 522 1601 ἐν
559 1553 855 1617 θνητοῖσιν
894 1550 1018 1617 ἔην,
1057 1547 1266 1618 τοιήνδ’
1314 1551 1435 1619 ἔχεν
1476 1550 1688 1620 ἀρχήν]

222 1639 352 1698 ιΜῦς
389 1654 520 1690 ποτε
561 1635 821 1700 διψαλέος
859 1636 1058 1706 γαλέης
1095 1639 1364 1691 κίνδυνον
1404 1638 1604 1703 ἀλύξας

62 1741 118 1780 10
147 1726 386 1793 χείλεσιν
427 1725 486 1778 ἐν
526 1727 722 1794 λίμνης
761 1725 975 1778 ἁπαλὸν
1013 1725 1295 1797 παρέθηκε
1334 1725 1552 1794 γένειον

147 1811 310 1866 ὕδατι
347 1816 680 1884 τερπόμενος
718 1815 986 1883 μελιηδὲι·
1024 1817 1122 1868 τὸν
1163 1812 1224 1868 δὲ
1262 1816 1478 1868 κατεῖδε

148 1903 430 1971 Πηλείδης
468 1904 829 1972 πολύφωνος,
870 1906 1000 1967 ἔπος
1039 1902 1089 1956 δ’
1136 1902 1444 1973 ἐφθέγξατο
1483 1914 1658 1958 τοῖον·

699 2085 899 2119 HOMERI
935 2087 998 2120 Lo
1004 2087 1054 2120 01
1091 2085 1292 2119 SIMILES

0 2152 6 2226 ἰ
179 2173 207 2211 3
240 2168 394 2223 φίλοις
425 2161 504 2210 ἐπὶ
534 2165 731 2222 γούνασι
760 2165 921 2222 θῆκε*
951 2182 978 2210 τ
1001 2171 1086 2212 401

0 2231 12 2302 ¹}
180 2240 208 2278 4
241 2237 382 2290 γαῖαν
415 2230 723 2288 ἀπειρεσίην*
758 2233 877 2275 Τ58
940 2229 1076 2288 ἔργον
1100 2229 1288 2287 Ἄρηος*
1318 2236 1359 2276 Λ
1392 2236 1479 2276 734

0 2309 5 2315 ·
182 2305 206 2344 7
241 2299 325 2357 οὐκ
358 2298 607 2355 ἄνδρεσσιν
641 2293 855 2353 ἐοικότες,
889 2297 1006 2341 ἀλλὰ
1039 2297 1238 2355 Γίγασι*
1270 2314 1298 2341 κ
1325 2302 1409 2342 1-20

151 2371 206 2411 10
240 2360 421 2409 ἑσταότ’
459 2361 510 2408 ἐν
541 2365 700 2421 λίμνῃ·
738 2363 766 2419 ἡ
801 2361 854 2407 δὲ
886 2362 1172 2421 προσέπλαζε
1206 2365 1370 2424 γενείῳ
1401 2367 1426 2408 λ
1458 2370 1542 2410 583

240 2430 471 2489 χείλεσιν*
509 2431 550 2474 Ο
574 2435 658 2474 102

711 2598 964 2633 VARmTAs
1001 2599 1275 2634 an'noms

271 2687 399 2726 1-7
430 2678 704 2725 recentioris
735 2678 907 2724 aetatis
939 2693 1042 2724 esse
1071 2679 1196 2726 vidit
1225 2679 1428 2726 Althaus
1578 2685 1608 2725 4
1645 2679 1840 2726 affertur

150 2749 223 2795 Et.
255 2749 318 2794 M.
351 2753 452 2803 266,
486 2751 543 2792 33
675 2749 702 2790 8
734 2758 824 2791 om.
848 2745 900 2790 E
975 2744 1084 2804 ἕχον
1106 2746 1152 2790 L
1274 2751 1331 2791 10
1361 2748 1560 2804 χείλεσιν
1593 2743 1645 2792 ἐν
1676 2749 1840 2806 λίμνης

151 2813 506 2860 Stadtmuenerz
553 2813 749 2870 πλησίον
782 2807 834 2856 ἐν
864 2813 1001 2871 λίμκνῃ
1031 2813 1077 2857 L
1093 2813 1138 2858 V
1223 2812 1407 2858 ἁπαλὸν
1452 2813 1515 2869 V,
1551 2814 1703 2858 πίνων
1733 2813 1780 2858 L

149 2879 420 2939 προσέθηκε
445 2879 488 2925 V
578 2884 632 2924 12
657 2879 891 2935 Πηλείδης
905 2877 1239 2923 Wachsmuth:
1267 2876 1539 2936 λιμνόχαρις
1559 2879 1660 2927 LV
1699 2881 1839 2926 πολύ-

153 2962 308 3004 φημος
328 2945 375 2992 V
427 2941 613 2990 τοιόνδε
627 2943 675 2988 L
736 2940 847 2995 ἔπος
867 2940 911 2987 τ’
933 2941 1074 3001 ἔφατ’
1095 2941 1147 2988 ἔκ
1170 2942 1215 2989 τ’
1235 2943 1432 3003 ὀνόμαζε
1457 2945 1503 2992 V
