2038 3140
167 138 434 172 ΗοΜΕΒῙοΑ
847 149 908 154 -
991 119 1022 169 9
1106 149 1159 155 —

79 271 135 309 53
172 251 262 317 [οὐ
302 251 492 320 τρώγω
533 249 847 319 ῥαφάνους,
889 249 957 302 οὐ
995 250 1265 319 κράμβας,
1309 249 1375 303 οὐ
1414 251 1774 318 κολοκύντας,

167 339 235 391 οὐ
274 339 519 400 τεύτλοις
557 342 792 408 χλωροῖς
831 338 1215 407 ἐπιβόσκομαι,
1258 336 1391 391 οὐδὲ
1430 342 1691 402 σελίνοις·

78 447 133 486 55
166 434 335 479 ταῦτα
373 428 478 496 γὰρ
521 426 678 495 ὑμῶν
718 426 869 479 ἐστιν
909 426 1178 495 ἐδέσματα
1217 436 1328 479 τῶν
1367 429 1503 480 κατὰ
1542 430 1783 496 λίμνην.]

239 516 395 584 Πρὸς
433 515 563 566 τάδε
604 516 867 583 μειδήσας
910 516 1272 582 Φυσίγναθος
1313 515 1505 569 ἀντίον
1545 516 1712 585 ηὔδα·

240 604 429 673 Ξεῑνε,
472 607 599 674 λίην
640 603 825 673 αὐχεῖς
864 601 950 655 ἐπὶ
988 602 1236 671 γαστέρι·
1278 605 1392 656 ἔστι
1431 603 1523 657 καὶ
1562 605 1694 674 ἡμῖν
1880 621 1924 652 45

164 694 340 746 πολλὰ
378 692 468 746 καὶ
509 693 569 746 ἐν
611 695 775 761 λίμνῃ
816 689 907 743 καὶ
948 689 1035 742 ἐπὶ
1075 688 1242 758 χθονὶ
1281 691 1521 761 θαύματ’
1564 691 1801 746 ἰδέσθαι.

78 800 132 838 59
168 781 459 851 [ἀμφίβιον
498 783 603 851 γὰρ
644 783 814 834 ἔδωκε
853 780 1036 848 νομὴν
1076 781 1401 850 βατράχοισι
1439 783 1740 851 Κρονίων.]

78 888 130 926 61
167 872 480 940 [σκιρτῆσαι
518 872 655 923 κατὰ
693 876 799 937 γῆν
837 866 929 920 καὶ
969 867 1030 920 ἐν
1068 868 1235 921 ὕδασι
1276 879 1430 938 σῶμα
1470 871 1750 936 καλύψαι.]

165 960 216 1012 εἰ
253 956 301 1011 δ’
342 957 553 1021 ἐθέλεις
591 956 683 1011 καὶ
722 965 893 1010 ταῦτα
934 958 1228 1027 δαήμεναι,
1270 957 1487 1027 εὐχερές
1526 958 1662 1011 ἐστι·

164 1047 328 1115 βαῖνέ
363 1067 457 1116 μοι
497 1047 557 1100 ἐν
595 1047 848 1114 νώτοισι,
888 1046 1073 1116 κράτει
1114 1045 1180 1099 δέ
1215 1066 1305 1115 με,
1346 1043 1541 1115 μήποτ’
1579 1047 1825 1117 ὀλίσθῃς.
1880 1063 1925 1095 50

169 1137 379 1201 [ὅππως
417 1137 738 1203 γηθόσυνος
775 1136 874 1187 τὸν
914 1135 1047 1203 ἐμὸν
1087 1136 1264 1204 δόμον
1306 1137 1663 1205 εἰσαφίκηαι.]

78 1239 132 1278 65
227 1222 327 1285 “529
367 1218 454 1292 ἄρ’
501 1225 606 1291 ἔφη
647 1221 739 1275 καὶ
776 1220 905 1275 νῶτ’
945 1222 1156 1275 ἐδίδου·
1221 1222 1249 1275 ὁ
1291 1221 1342 1275 δ’
1380 1225 1565 1292 ἔβαινε
1603 1225 1829 1293 τάχιστα

164 1320 350 1381 χεῖρας
390 1314 530 1380 ἔχων
569 1321 871 1380 τρυφεροΐο
910 1309 1026 1364 κατ’
1067 1309 1299 1380 αὐχένος
1338 1313 1535 1381 ἅλματι
1573 1313 1782 1385 κούφῳ.

169 1399 281 1466 [καὶ
319 1408 539 1470 πρῶτον
580 1397 680 1468 μὲν
715 1402 950 1469 ἔχαιρεν,
992 1397 1069 1452 ὅτ’
1112 1401 1303 1467 ἔβλεπε
1342 1403 1594 1467 γείτονας
1634 1403 1855 1471 ὅρμους,

166 1489 316 1557 νήξει
355 1490 691 1559 τερπόμενος
735 1488 1126 1556 Φυσιγνάθου·
1176 1486 1293 1540 ἀλλ’
1334 1489 1422 1542 ὅτε
1463 1491 1530 1558 δή
1571 1490 1641 1559 ῥα

712 1654 914 1688 HOMERI
950 1655 1071 1688 LOCI
1111 1655 1310 1688 SIMILES

169 1727 224 1767 56
257 1722 341 1778 τὴν
374 1719 420 1764 δ’
450 1718 554 1765 αὖτ’
585 1756 595 1766 .
614 1757 624 1766 .
644 1756 682 1766 ..
718 1722 880 1765 ἀντίον
910 1720 1066 1777 ηὔδα*
1101 1724 1144 1764 Γ
1163 1727 1248 1765 203

167 1794 224 1834 58
258 1785 309 1832 ἐν
326 1789 496 1845 λίμνῃ*
522 1792 546 1831 λ
562 1793 647 1833 583
711 1787 791 1831 καὶ
809 1784 886 1831 ἐπὶ
902 1786 1078 1843 χθονί*
1100 1792 1136 1830 Α
1155 1792 1212 1832 88
1272 1793 1440 1846 θαῦμα
1465 1788 1690 1835 ἰδέσθαι*
1715 1794 1755 1834 Ε
1775 1797 1857 1836 725

169 1859 223 1899 62
259 1853 303 1898 εἰ
331 1853 377 1898 δ’
408 1850 588 1906 ἐθέλεις
619 1853 700 1898 καὶ
732 1860 879 1897 ταῦτα
912 1853 1146 1910 δαήμεναι
1178 1853 1290 1912 ὄφρ’
1319 1851 1371 1899 ἐὺ
1405 1855 1532 1914 εἰδῇς
1566 1861 1601 1900 Ζ
1627 1863 1712 1903 150

169 1926 225 1964 64
258 1920 318 1976 μὴ
351 1919 433 1963 καὶ
463 1918 581 1978 ὑπὲρ
614 1925 782 1977 μοῖραν
816 1918 963 1977 δόμον
987 1917 1134 1971 ’Ἀιδος
1166 1919 1445 1979 εἰσαφίκηαι
1481 1926 1626 1968 Τ336

169 1991 225 2031 65
257 1985 317 2037 ὣς
348 1985 426 2043 ἄρ’
458 1985 549 2043 ἔφη
581 1987 700 2030 καί*
730 1991 766 2030 Α
794 1991 880 2031 584

169 2057 225 2098 66
258 2052 459 2098 ἁπαλοῖο
491 2051 558 2097 δι’
586 2051 818 2110 αὐχένος*
850 2070 877 2109 χ
905 2058 959 2098 16
979 2054 1038 2097 al.

170 2123 227 2163 68
260 2117 361 2163 ἀλλ’
390 2118 464 2164 ὅτε
498 2119 558 2175 δή
590 2117 651 2178 ῥα
682 2124 717 2163 Α
742 2125 829 2164 493
847 2120 906 2164 al.

732 2272 986 2307 VARIETAS
1024 2273 1296 2308 LECTIONIS

248 2352 250 2355 ·
290 2341 478 2384 53—55
510 2338 619 2383 incl.
652 2338 875 2383 Draheim
997 2342 1051 2383 53
1089 2336 1309 2396 ῥἀφοὲνας
1348 2341 1392 2385 V
1508 2348 1564 2386 54
1597 2341 1706 2388 οὐδὲ
1740 2342 1859 2400 προὶ-

169 2421 268 2458 σοις
285 2410 475 2464 χλωροῖς
498 2405 542 2449 V
627 2410 683 2450 55
699 2402 885 2462 ὑμέτερ’
907 2400 1030 2449 ἐστὶν
1056 2405 1102 2450 V
1187 2410 1244 2450 56
1261 2406 1377 2463 πρὸς
1391 2414 1540 2452 ταῦτα
1565 2410 1609 2454 V
1669 2412 1856 2468 Φυσίγν.

169 2473 268 2518 ἀντ.
294 2471 368 2528 ηὔ.
402 2471 593 2516 affertur
623 2471 697 2516 Et.
722 2471 784 2516 Μ.
809 2475 911 2526 235,
944 2476 998 2515 57
1114 2477 1170 2516 57
1197 2473 1303 2516 λιάν
1327 2473 1372 2517 L
1485 2479 1542 2519 58
1573 2475 1722 2520 πολλὰ
1745 2475 1853 2533 μάλ’

169 2534 220 2582 ἐν
253 2538 299 2583 V
393 2534 444 2582 ἐν
468 2537 610 2595 χθονὶ
633 2537 678 2581 L
777 2541 831 2582 61
864 2542 1020 2595 γαῖαν,
1047 2533 1099 2581 ἐν
1129 2535 1202 2582 ῧδ.
1227 2539 1286 2594 L,
1317 2544 1460 2596 γαῖαν
1492 2540 1574 2584 καὶ
1598 2537 1671 2598 ἐφ’
1697 2540 1772 2590 ῧδ,
1804 2543 1858 2598 V,

167 2611 255 2662 γῆν
273 2603 355 2648 καὶ
379 2600 432 2648 ἐν
455 2617 480 2648 z
540 2604 650 2660 post
666 2606 720 2647 61
739 2601 886 2647 habet
910 2603 972 2648 V:
994 2608 1058 2648 60
1076 2606 1318 2661 στειχείοις
1333 2605 1440 2650 δυσὶ
1455 2607 1646 2663 (διττοῖς
1662 2609 1786 2667 tuly
1797 2609 1857 2664 G)

169 2668 481 2729 μεμερισμένοι
504 2670 697 2726 δώματα
720 2670 874 2714 ναίειν
972 2674 1029 2714 62
1062 2665 1187 2714 ἐστιν
1227 2670 1272 2714 V
1373 2675 1429 2715 63
1453 2671 1618 2722 νώτοις
1649 2673 1693 2716 V
1764 2672 1859 2718 ὀλι-

169 2740 288 2795 σθῇς
305 2737 364 2794 L,
396 2734 532 2793 ὄληαι
555 2735 600 2781 V
686 2740 743 2780 64
773 2733 883 2780 incl.
916 2734 1140 2780 Draheim
1200 2735 1478 2792 γηθοσύνως
1506 2737 1629 2794 ἁμὸν
1668 2738 1714 2783 V
1800 2743 1856 2784 66

168 2803 345 2861 ἅμματι
360 2805 486 2862 καλῷ
501 2802 548 2846 L
602 2805 763 2847 67—73
781 2800 934 2846 eidem
949 2800 1182 2846 debentur
1194 2801 1524 2859 interpolatori
1539 2803 1619 2859 qui
1637 2808 1856 2851 105-107

167 2872 219 2915 et
242 2873 476 2916 187-192
493 2866 728 2912 condidit:
752 2866 930 2924 ubique
952 2869 1171 2912 accentus
1194 2880 1301 2912 cum
1325 2867 1448 2912 sexti
1468 2868 1606 2925 pedis
1631 2869 1726 2914 arsi
1749 2883 1857 2916 con-

170 2934 289 2980 cinit
386 2939 441 2979 67
473 2939 712 2992 τοπρῶτον
743 2934 789 2979 V
875 2937 930 2979 68
962 2931 1063 2978 ἀλλ’
1091 2933 1166 2978 ὅτε
1198 2931 1259 2989 δή
1290 2930 1371 2992 ἆα]
1403 2934 1465 2987 ὡς
1494 2933 1549 2980 δέ
1579 2952 1660 2993 μιν
1691 2935 1781 2992 ἤδη
1811 2938 1857 2982 L
