2038 3140
783 112 1186 165 -225—

108 232 455 281 'Parmenides'
506 238 922 284 Alleinheitslehre
962 241 1096 285 nicht
1137 246 1428 301 angetastet,
1473 246 1536 289 ist
1580 247 1678 291 also
1728 248 1832 292 dem

138 303 429 359 Pyrrhoneer
462 304 540 348 ein
575 305 825 361 Skeptiker
855 306 951 349 und
984 308 1291 363 Dogmatiker
1323 311 1610 367 zugleich»’.

254 386 298 426 p.
343 375 423 414 101
473 370 525 415 fr.
567 371 673 427 VII,
723 377 748 415 2
795 387 879 428 pro
932 371 1186 431 ἰσογράφος
1233 377 1351 421 66111.
1401 377 1624 421 Ludwich
1666 380 1826 436 philol.

145 438 454 482 Wochenschr.
492 441 605 481 1885
637 452 681 493 p.
721 442 832 482 1638
866 452 960 482 non
992 440 1114 484 male
1149 440 1406 499 ἰσότροφος.

253 519 296 559 p.
342 507 423 547 103
465 502 518 546 fr.
552 503 638 547 VII
678 519 812 548 comt.
852 503 902 547 in
942 505 1031 549 fine
1081 507 1226 551 adde:
1286 510 1522 553 ‘ceterum
1563 524 1658 554 non
1700 513 1827 556 recte

131 568 358 625 HeitinS,
393 568 500 613 hist.
526 568 619 613 litt.
646 568 719 614 Gr.
761 570 942 615 Miiller.
970 573 1141 616 contin.
1161 574 1246 617 112
1270 590 1315 631 p.
1337 581 1419 620 163
1446 576 1552 621 adn.
1576 583 1596 620 1
1624 578 1822 622 formam

121 634 392 693 Ἓκάδημος
415 650 443 679 a
469 635 663 680 Timone
688 635 929 680 inventam
955 638 1124 682 statuit
1148 639 1219 683 his
1245 641 1418 686 verbis:
1453 657 1493 687 <‹f.
1514 677 1522 685 .
1552 642 1603 685 in
1628 643 1710 687 der
1734 644 1820 687 Be-

130 717 353 759 nennung
377 701 657 759 Ἑκάδημος,
692 702 780 746 wie
806 702 872 745 sie
908 739 916 747 .
939 738 947 747 .
983 718 1073 748 von
1099 704 1267 750 Timon
1291 708 1551 763 gebraucht
1577 709 1824 765 erscheint‚

130 769 195 812 ist
227 769 303 814 die
335 768 553 814 boshafte
587 768 788 811 Absicht
825 770 1240 829 unverkennbar»;
1290 773 1432 817 immo
1467 774 1702 830 antiquior
1734 775 1826 819 fuit

129 835 247 879 haec
273 835 438 891 forma,
473 836 526 878 ut
550 834 748 891 Eupolis
775 835 901 891 apud
925 835 1078 881 Laert.
1106 837 1239 894 Diog.
1266 839 1329 882 III
1357 845 1381 883 9
1409 839 1528 883 dixit
1552 839 1824 898 Ἑκαδήμου

130 900 216 959 (sic
266 902 390 945 enim
430 900 479 944 in
522 900 787 945 Burbonico
826 900 861 943 F
900 902 1094 959 legitur)
1136 905 1184 947 et
1225 905 1480 949 secundum
1520 906 1823 951 scholiastam

127 967 468 1024 Aristophanes
500 966 622 1012 Nub.
653 972 786 1011 1005:
821 967 878 1012 cf.
906 967 1172 1013 Schwedler
1198 970 1319 1015 stud.
1347 971 1470 1028 Lips.
1498 972 1540 1015 X
1563 987 1607 1029 p.
1628 978 1711 1017 202
1732 975 1819 1029 sq.’

246 1050 292 1091 p.
330 1039 412 1079 105
445 1050 487 1079 v.
521 1038 578 1077 20
619 1034 728 1089 post
763 1033 1035 1089 ‘pana-rium
1077 1036 1456 1080 commemorari’
1501 1038 1622 1082 adde
1666 1040 1823 1095 ‘prae-

128 1101 292 1145 sertim
330 1114 436 1144 cum
477 1099 534 1143 de
568 1099 750 1143 Zenone
789 1099 964 1144 referat
1001 1099 1154 1145 Laert.
1190 1101 1323 1159 Diog.
1357 1102 1443 1147 VII
1488 1109 1540 1148 13
1588 1103 1726 1159 ἤσθιε
1771 1104 1817 1149 δ’

126 1169 362 1226 ἀρτίδια
393 1166 474 1211 καὶ
506 1165 651 1224 μέλι’.

244 1249 290 1291 p.
327 1239 410 1278 106
443 1249 485 1278 v.
523 1238 576 1277 19
611 1232 731 1277 adde
763 1231 1075 1276 Ribbeckium
1107 1233 1227 1277 stud.
1263 1233 1387 1291 Lips.
1422 1235 1485 1278 IX
1516 1250 1560 1292 p.
1595 1241 1694 1282 338.

244 1299 358 1344 ibid.
393 1299 446 1343 fr.
479 1298 623 1354 VIIII,
656 1303 684 1342 4
715 1299 821 1355 lege
856 1299 1142 1355 ““σοφιστῶν’
1178 1313 1262 1356 pro
1298 1301 1590 1358 *σοφισταίζ

244 1382 290 1423 Ρ.
327 1371 407 1410 107
441 1380 482 1410 v.
518 1370 544 1409 6
578 1367 625 1409 et
659 1370 710 1409 17
744 1365 850 1421 lege
886 1366 1172 1421 ‘coeptavcbv’
1208 1379 1291 1422 pro
1329 1366 1619 1423 “σοφισταί’.

243 1432 357 1476 ibid.
391 1445 497 1488 app.
523 1431 623 1475 crit.
659 1446 700 1475 v.
727 1435 755 1474 4
788 1431 929 1475 adde:
971 1429 1327 1488 ‘onotqous'ovm
1359 1432 1478 1478 coni.
1512 1434 1680 1479 Nauck
1713 1436 1816 1492 (per

123 1499 328 1557 litteras)
361 1498 468 1544 coll.
501 1498 637 1543 Hom.
669 1500 718 1541 X
743 1499 866 1542 240'.

242 1580 287 1622 p.
324 1570 408 1609 118
443 1578 550 1621 app.
584 1563 686 1610 crit.
721 1565 772 1609 fr.
807 1563 957 1609 XVIII
991 1563 1134 1607 adde:
1178 1565 1394 1622 ‘aalma
1425 1564 1663 1623 νωλεμέως
1694 1567 1813 1611 coni.

122 1632 275 1676 Hiller
305 1632 335 1677 l.
371 1646 406 1676 s,
437 1646 483 1687 p.
516 1631 640 1675 474’.

240 1713 286 1755 p.
325 1703 406 1742 121
427 1712 494 1753 sq.
528 1697 582 1741 fr.
609 1695 752 1752 XXII,
792 1701 813 1740 1
846 1709 931 1753 pro
965 1694 1092 1754 ὄφρα
1124 1696 1242 1741 60111.
1279 1696 1543 1741 Wakefield
1575 1698 1677 1744 silv.
1712 1698 1812 1744 crit.

123 1765 165 1810 V
198 1780 243 1822 p.
280 1770 365 1809 150
398 1762 447 1815 ὅς
479 1760 552 1820 ῥα.

241 1830 356 1876 ibid.
382 1830 435 1874 fr.
461 1829 603 1885 XXII,
630 1835 656 1874 2
689 1843 772 1886 pro
806 1829 964 1888 βροτοὶ
995 1829 1147 1873 ἀστῶν
1180 1828 1307 1872 idem
1333 1829 1450 1874 coni.
1479 1830 1636 1888 βροτοὶ
1660 1830 1810 1876 ἄλλων

119 1898 264 1957 (quod
295 1897 400 1942 coll.
433 1895 681 1940 Homerico
714 1895 1076 1953 ὠκυμορώτατος
1109 1894 1310 1939 ἄλλων
1292 1894 1393 1941 sim.
1425 1896 1613 1953 probo),
1655 1896 1810 1942 minus

119 1965 239 2011 bene
271 1963 570 2008 Ludwichius
603 1963 633 2006 1.
668 1977 703 2007 s.
735 1977 779 2019 p.
817 1967 931 2007 1638
965 1960 1122 2021 βροτοὶ
1152 1955 1288 2017 ἦσαν.

239 2045 285 2087 p.
322 2034 404 2074 131
446 2028 731 2074 testimoniis
776 2027 918 2073 adde:
970 2025 1170 2070 ‘Psellus
1202 2039 1421 2083 μεσαιων.
1455 2027 1735 2086 βιβλιοθήκῃ
1769 2029 1811 2074 V

119 2113 166 2156 p.
190 2101 277 2143 476
311 2099 387 2152 (ex
418 2095 562 2140 schol.
588 2095 707 2140 Plat.
718 2099 756 2151 ‘?)
795 2097 1149 2152 τιμαιογραφῶν
1189 2090 1311 2135 κατὰ
1348 2090 1430 2136 τὸν
1462 2092 1808 2151 σιλλογροέφονζ

238 2178 284 2219 p.
322 2166 404 2206 133
443 2161 498 2206 fr.
530 2161 703 2205 XXVII
743 2174 801 2205 ne
834 2158 1108 2203 dubitanter
1139 2155 1330 2212 quidem
1358 2156 1594 2202 'I'imoneis
1638 2160 1808 2206 addere

119 2227 278 2283 licuit·
325 2226 456 2272 aliud
496 2227 620 2271 enim
662 2226 759 2284 egi,
810 2240 916 2271 cum
956 2221 1123 2280 scripsi
1165 2222 1286 2267 hunc
1324 2235 1513 2268 versum
1553 2225 1808 2281 Cynulcum

119 2307 370 2352 usurpasse
402 2292 630 2349 cynicum,
663 2291 873 2336 Timonis
907 2289 1262 2344 admiratorem
1294 2291 1542 2348 usurpavit
1565 2293 1807 2352 Ulpianus,

119 2360 283 2416 itaque
315 2372 452 2405 omne
484 2358 614 2403 cadit
643 2358 940 2403 coniecturae
970 2356 1340 2402 fundamentum.

238 2442 284 2485 p.
320 2431 406 2472 134
436 2425 492 2471 fr.
523 2425 719 2470 XXVIII
761 2424 937 2482 optime
970 2422 1175 2467 Zellerus
1217 2425 1318 2480 (per
1347 2422 1551 2483 litteras)
1597 2427 1646 2470 et
1684 2426 1806 2470 Lud-

117 2493 318 2539 wichius
356 2493 386 2537 1.
429 2507 463 2538 s.
503 2507 548 2549 p.
595 2497 707 2536 1639
754 2505 839 2548 pro
887 2489 1024 2549 λόγον
1063 2489 1362 2536 coniecerunt
1403 2490 1543 2549 ὄγκον
1590 2492 1804 2539 adhibito

120 2560 262 2618 Soph.
282 2559 353 2604 Ai.
376 2563 457 2604 129
484 2558 609 2616 (6611.
626 2557 864 2603 Lobeckio
890 2556 1805 2618 611111.61Ρ6836116,ΜιιεὰοεΡ.196),

119 2626 233 2672 ibid.
245 2625 569 2685 ὀφρυούμενος
585 2623 728 2668 scribi
742 2623 894 2669 voluit
908 2623 1206 2669 Ludwichius
1223 2623 1367 2669 etiam
1384 2625 1508 2682 apud
1517 2625 1800 2684 Hesychium

118 2693 328 2739 conecto
360 2690 782 2749 κατοφρυούμενος

237 2773 283 2816 p.
319 2764 403 2804 136
434 2756 718 2803 testimoniis
752 2756 895 2802 adde:
931 2755 1119 2802 ‘Suidas
1149 2771 1193 2802 v.
1225 2756 1529 2810 Σαλούστιος·
1569 2757 1691 2804 κατὰ
1719 2760 1802 2806 τὸν

111 2823 416 2885 Ἡράκλειτον
448 2824 785 2882 ὀχλολοίδορος’
793 2859 802 2868 .

235 2906 282 2949 Ρ.
316 2896 400 2936 141
432 2906 475 2936 v.
508 2895 535 2936 8
571 2890 712 2935 adde:
763 2889 974 2935 ‘Rohdio
1005 2902 1116 2935 vero
1146 2888 1392 2934 Platonem
1429 2888 1566 2947 tangi
1606 2890 1799 2949 placuit,

117 2955 293 3015 quippe
325 2955 407 3014 qui
435 2970 532 3003 non
557 2954 871 3015 Ἅριστοκλῆς,·
887 2955 970 3001 sed
992 2956 1175 3001 mutato
1198 2954 1388 3000 nomine
1413 2954 1612 3001 Πλάτων
1635 2956 1799 3003 audire

205 3036 385 3079 commo.
408 3039 440 3073 I.
1477 3034 1532 3075 15
