2038 3140
84 140 441 175 FRAGMENTVM
751 154 812 159 —
894 122 965 175 45
1046 152 1107 158 -

726 316 1130 352 COMMENTARIVS

196 398 264 453 V.
311 399 363 452 l.
440 399 492 462 ἐς
540 402 591 452 δὲ
639 405 805 454 Θάσον
850 401 900 468 μ’
945 403 1158 453 ἐλθόντα
1205 405 1323 452 dicit
1377 420 1490 452 cum
1544 407 1660 452 ante
1717 404 1770 451 ni

87 485 235 533 fallor
274 485 561 546 exposuerit
600 500 699 547 qua
736 485 936 534 fortuna
974 485 1187 534 Athenis
1224 501 1347 534 usus
1390 486 1467 533 sit.
1541 483 1774 533 Omnium

87 567 418 627 interpretum
458 582 576 614 crux
615 566 712 613 fuit
754 566 1130 631 μετεωρίζοντες.
1217 566 1354 623 Quod
1397 566 1601 628 quidam
1639 568 1774 614 tran-

87 645 236 694 sitive
301 647 613 708 explicarunt
675 647 923 695 obiectum
986 649 1277 710 supplentes
1342 644 1650 710 σπελέθους,
1719 651 1776 694 ut

88 729 222 775 esset
268 744 357 789 pro
398 724 624 791 ἄραντες,
679 729 860 779 collato
901 731 971 776 M
1005 731 1109 778 383
1162 725 1187 776 ὁ
1236 723 1280 776 δ’
1326 723 1403 791 ἄρ’
1449 725 1650 789 ὑψόθεν
1693 725 1776 790 ἔμ-

88 802 198 870 βαλ’
235 805 401 870 ἀείρας
441 802 528 873 (ad
561 810 693 871 quod
724 809 956 857 Eustath.
992 811 1112 872 910,
1148 811 1238 857 22:
1288 807 1339 856 τὸ
1381 805 1434 855 δὲ
1473 806 1638 871 ἀείρας
1671 806 1778 855 ἀντὶ

89 894 176 936 τοῦ
215 888 504 952 μετεωρίσας
545 887 634 952 τὴν
673 883 855 956 χεῖρα),
896 890 1051 938 ceteri
1089 892 1179 938 aut
1219 886 1404 952 φρένας
1444 890 1534 937 aut
1574 886 1779 946 ἑαυτούς

88 969 418 1033 intellegunt,
480 974 537 1018 ut
597 972 813 1019 activum
873 972 939 1018 sit
998 987 1088 1031 pro
1148 970 1311 1019 medio
1364 968 1779 1033 μετεωριζόμενοι,

91 1045 380 1098 ‘efferentes
421 1046 639 1100 animos'
688 1053 718 1099 i.
754 1068 794 1100 e.
836 1046 1184 1100 ‘ferocientes'
1222 1052 1305 1100 vel
1344 1045 1779 1100 ‘tumultuantes'.

90 1130 348 1181 Iacobsius
389 1118 660 1198 (animadv.
700 1133 752 1180 in
788 1132 909 1180 Eur.
940 1135 1068 1194 trag.
1107 1149 1155 1193 p.
1191 1125 1321 1198 111)
1361 1131 1623 1193 proposuit
1658 1127 1780 1196 μέγα

90 1210 364 1274 κράζοντες,
402 1212 681 1261 Meinekius
722 1212 786 1259 ad
818 1213 936 1261 Ath.
968 1208 1091 1276 μέγα
1120 1212 1376 1275 κρῖζοντες.
1438 1212 1564 1260 Mihi
1593 1212 1780 1260 tradita

90 1293 236 1341 lectio
283 1309 383 1341 non
427 1294 667 1342 mutanda
706 1295 925 1355 videtur,
973 1295 1060 1342 sed
1096 1294 1300 1355 propria
1337 1294 1426 1341 illa
1463 1293 1664 1342 notione
1704 1309 1783 1342 ex-

91 1374 323 1435 plicanda
361 1375 447 1436 ita,
487 1378 546 1422 ut
584 1378 672 1422 aut
710 1375 965 1423 hominum
996 1375 1208 1423 missilia
1238 1374 1469 1422 manibus
1502 1374 1781 1422 tenentium

93 1457 144 1502 et
197 1453 260 1500 ad
313 1455 498 1502 iactum
551 1458 842 1516 paratorum
894 1458 1068 1519 gestus
1125 1455 1436 1503 describatur
1490 1456 1580 1501 aut
1625 1455 1781 1516 ipsius

91 1535 252 1583 iactus
292 1536 367 1584 vis
407 1539 557 1598 atque
595 1536 825 1584 altitudo.
886 1530 957 1585 V.
991 1530 1046 1584 2.
1105 1535 1247 1593 Quod
1287 1535 1587 1584 stercoribus
1620 1535 1783 1598 Hege-

93 1631 290 1664 monem
322 1617 554 1677 obruunt,
594 1617 659 1665 ad
690 1633 895 1679 spurcos
922 1617 1220 1666 Thasiorum
1251 1632 1413 1665 mores
1446 1616 1783 1679 depingendos

93 1698 352 1746 inventum
391 1701 490 1759 est3
530 1698 683 1747 ceteri
713 1699 936 1748 homines
967 1697 1159 1761 lapides
1196 1698 1398 1746 mittere
1430 1698 1552 1746 satis
1584 1697 1786 1746 habent.

95 1778 155 1826 Id
201 1779 387 1840 ipsum,
434 1781 656 1827 πολλοῖσι
692 1777 903 1842 λίθοισι,
948 1779 1103 1827 habet
1148 1779 1377 1840 epitome.
1454 1772 1523 1827 V.
1565 1773 1621 1826 3.
1676 1778 1786 1827 Vox

95 1857 335 1923 βδελυρός
393 1860 528 1908 intra
587 1862 694 1908 tam
754 1860 1052 1909 mediocrem
1110 1875 1346 1909 versuum
1408 1859 1655 1908 ambitum
1708 1861 1787 1908 ter

0 1927 5 1991 ζ
99 1933 169 2004 (v,
203 1942 252 2003 3,
285 1941 333 2002 8,
373 1935 470 2006 20)
516 1941 754 2003 repetita,
809 1956 922 1990 cum
967 1955 1027 1989 ea
1072 1944 1124 1990 et
1170 1940 1382 1989 Thasios
1426 1940 1478 1988 in
1525 1955 1580 1989 se
1621 1940 1787 2002 ipsum

0 2028 6 2091 ζ
97 2022 298 2070 utentes
343 2021 498 2070 faciat
533 2024 686 2084 poeta
724 2025 776 2071 et
813 2022 922 2084 ipse
960 2021 1013 2069 in
1051 2037 1134 2071 eos
1174 2024 1368 2083 utatur,
1416 2021 1638 2070 eiusdem
1675 2021 1786 2070 illo-

98 2118 214 2150 rum
245 2103 515 2165 spurcitiae
545 2104 793 2153 admonet.
866 2098 938 2152 V.
970 2097 1029 2151 4.
1069 2102 1256 2164 Scripsi
1285 2099 1443 2164 καλὴν
1474 2099 1524 2159 ἐς
1552 2099 1787 2165 κρηπῖδα,

0 2241 3 2244 ,
99 2183 220 2245 quia
286 2183 588 2232 adiectivum
644 2181 793 2242 καλός
846 2183 1134 2245 saepissime
1194 2182 1328 2244 apud
1380 2181 1658 2230 Homerum
1715 2181 1789 2229 ita

101 2263 322 2326 positum
359 2266 450 2326 est,
489 2266 546 2312 ut
584 2263 721 2326 prior
760 2264 958 2326 syllaba
993 2264 1204 2326 primam
1233 2278 1409 2312 versus
1443 2262 1577 2310 arsin
1618 2263 1790 2310 teneat

103 2345 168 2393 ad
206 2345 506 2393 efferendam
552 2346 851 2394 sententiam
896 2345 1251 2408 praemissum3
1298 2344 1458 2393 rarior
1496 2358 1557 2391 ea
1594 2342 1790 2406 syllaba

101 2441 215 2474 cum
246 2425 444 2475 omnino
475 2426 529 2473 in
558 2426 705 2490 thesi,
734 2429 844 2475 tum
873 2427 926 2474 in
955 2425 1088 2474 thesi
1116 2425 1267 2488 primi
1295 2424 1437 2487 pedis
1463 2423 1716 2473 invenitur
1737 2423 1791 2471 in

102 2507 261 2555 Iliade
299 2507 392 2570 bis,
428 2508 480 2555 in
512 2505 736 2570 Odyssea
764 2522 1014 2571 nusquam
1045 2499 1184 2573 (vide
1216 2505 1469 2568 Ebelingii
1498 2505 1615 2554 Lex.
1643 2504 1790 2553 Hom.

105 2603 145 2636 S.
191 2603 237 2636 v.
292 2581 486 2654 καλός).
576 2587 746 2637 Verba
794 2584 952 2651 καλὴν
1006 2584 1056 2646 ἐς
1107 2585 1325 2651 κρηπῖδα
1375 2582 1469 2634 mg.
1525 2584 1792 2648 explicavit

27 2656 32 2657 ⁷
105 2666 453 2718 Casaubonus:
486 2663 624 2732 ‘quis
647 2671 700 2718 te
722 2668 925 2731 impulit
945 2668 1180 2731 pulchras
1205 2667 1328 2716 adeo
1352 2665 1579 2729 crepidas
1601 2664 1790 2714 talibus

29 2748 33 2753 '
106 2747 320 2810 pedibus
358 2743 656 2798 inducere‘P'
717 2749 863 2798 Unde
900 2764 1070 2799 omnes
1099 2750 1303 2812 praeter
1331 2745 1710 2808 Dalecampium
1740 2747 1791 2794 et

106 2827 492 2894 Villebrunium‚
531 2831 619 2893 qui
654 2832 866 2893 portus
903 2828 1208 2893 crepidinem
1236 2827 1604 2891 intellexerunt,
1641 2827 1791 2876 inter-

107 2908 298 2970 pretati
319 2913 439 2959 sunt
459 2910 512 2960 id
534 2927 693 2975 genus
717 2909 1110 2974 calciamentum,
1134 2925 1231 2972 quo
1255 2908 1501 2957 hilaroedi
1517 2907 1790 2957 utebantur
