2038 3140
867 148 939 154 —
1019 118 1086 170 16
1168 146 1229 154 —
1562 134 1892 168 BATRACHOM.

276 238 339 298 Ὦ
379 248 664 316 βάτραχοι,
706 249 838 315 μύες
876 249 1049 317 ὔμμιν
1090 248 1480 316 ἀπειλήσαντες
1520 250 1768 316 ἔπεμψαν

97 353 178 393 140
211 337 385 388 εἰπεῖν
425 336 744 399 ὁπλίζεσθαι
785 335 873 389 ἐπὶ
911 339 1184 405 πτόλεμόν
1222 356 1279 389 τε
1320 337 1497 405 μάχην
1536 354 1607 388 τε.

211 419 363 476 εἶδον
403 426 506 493 γὰρ
546 422 677 477 καθ’
715 424 868 495 ὕδωρ
916 425 1274 494 Ψιχάρπαγα,
1314 425 1411 476 τὸν
1450 422 1790 491 κατέπεφνεν

210 511 471 580 ὑμέτερος
511 515 768 579 βασιλεὺς
812 515 1186 581 Φυσίγναθος.
1264 512 1401 564 ἀλλά
1441 513 1700 580 μάχεσθε,

211 604 404 661 εἷ’τινες
445 599 504 652 έν
545 601 900 670 βατράχοισιν
941 601 1192 670 ἀριστῆες
1230 602 1510 668 γεγάασιν.
1919 612 1983 655 120

271 686 371 750 Ὣς
411 688 616 757 ἐνοπὴν
656 689 925 758 ἀπέφηνε·
965 692 1122 757 λιγὺς
1163 688 1211 741 δ’
1253 691 1329 751 εἰς
1370 690 1541 742 οὔατα
1580 693 1762 756 μῦθος
1821 695 1824 698 “

94 794 177 833 145
210 777 481 829 εἰσελθὼν
522 777 744 847 ἐτάραξε
784 777 993 847 φρένας
1032 778 1321 847 βατράχων
1362 777 1672 847 ἀγερώχων.

209 865 579 934 μεμφομένων
621 863 670 918 δ’
711 866 894 918 αὐτῶν
939 869 1299 934 Φυσίγναθος
1339 862 1490 919 εἶπεν
1529 866 1788 926 ἀναστάς·

276 946 338 1004 Ὦ
378 956 558 1022 φίλοι,
602 955 703 1007 οὐκ
743 957 990 1007 ἔκτεινον
1032 955 1155 1023 ἐγὼ,
1178 962 1312 1023 μῦν,
1355 952 1487 1007 οὐδὲ
1526 955 1782 1006 κατεῖδον

209 1041 538 1109 ὀλλύμενον·
578 1043 795 1105 πάντως
828 1042 1020 1111 ε’πνίγη
1061 1045 1268 1107 παίζων
1307 1044 1455 1112 παρὰ
1494 1045 1720 1110 λίμνην,
1919 1053 1998 1085 125·

212 1129 415 1196 [νήξεις
454 1133 549 1193 τὰς
587 1133 878 1200 βατράχων
920 1133 1276 1200 μιμούμενος·
1319 1132 1376 1183 οἱ
1413 1128 1473 1182 δὲ
1511 1132 1780 1195 κάκιστοι]

94 1234 176 1274 150
207 1226 313 1270 νῦν
346 1214 474 1287 <δ’>
506 1216 596 1287 ἐμὲ
630 1219 940 1288 μέμφονται
963 1221 1061 1272 τὸν
1095 1220 1368 1272 ἀναίτιον·
1406 1216 1523 1271 ἀλλ’
1555 1220 1651 1286 ἄγε
1683 1219 1893 1286 βουλὴν

210 1309 548 1376 ζητήσωμεν,
590 1307 736 1370 ὅπως
776 1309 1000 1370 δολίους
1039 1309 1179 1376 μύας
1217 1307 1567 1376 ἐξολέσωμεν.

207 1397 398 1464 τοιγὰρ
440 1396 582 1464 ε’γὼν
621 1396 781 1467 ἐρέω,
823 1398 895 1459 ὥς
934 1416 1029 1465 μοι
1069 1397 1224 1449 δοκεῖ
1259 1393 1400 1448 εἶναι
1441 1397 1658 1464 ἄριστα·

208 1485 429 1552 σώματα
469 1487 843 1553 κοσμήσαντες
883 1484 942 1536 ἐν
985 1485 1175 1547 ὅπλοις
1213 1494 1426 1553 στῶμεν
1466 1484 1700 1546 ἅπαντες
1894 1492 1983 1535 ἷ130

749 1704 948 1737 HOMERI
986 1704 1050 1737 LO
1057 1703 1107 1736 01
1145 1702 1343 1737 SIMILES

208 1786 290 1826 139
325 1783 578 1839 ἀπειλήσας
610 1783 655 1828 δ’
686 1783 960 1842 ἀπέπεμπε*
997 1787 1035 1828 Φ
1059 1789 1144 1829 452

186 1854 292 1892 '140
323 1847 552 1906 πτόλεμόν
583 1866 631 1894 τε
664 1849 819 1907 μάχην
851 1850 932 1894 τε*
964 1853 1016 1893 Ν
1041 1855 1090 1894 11

208 1920 290 1959 142
325 1914 434 1960 οὐδὲ
466 1915 709 1973 μάχεσθε*
739 1920 782 1960 Δ
806 1921 893 1962 246

209 1985 291 2024 143
323 1980 476 2037 ὑμέων
509 1980 554 2024 δ’
585 1982 716 2038 οἵπερ
751 1980 882 2026 ἔασιν
915 1983 1129 2038 ἀριστῆες
1159 1982 1449 2038 Παναχαίων
1484 1983 1533 2023 Η
1554 1983 1638 2024 159

325 2045 415 2091 οἷοι
447 2047 528 2092 καὶ
559 2053 820 2092 Δαναοῖσιν
853 2049 1065 2105 ἀριστῆες
1097 2045 1285 2104 μετέασι
1318 2050 1367 2089 Η
1387 2051 1472 2090 227

207 2117 289 2156 145
316 2111 505 2157 Ῥοδίων
538 2113 818 2170 ἀγερώχων*
849 2117 884 2156 Β
915 2118 1001 2157 654

208 2184 289 2223 152
322 2179 484 2236 τοιγὰρ
519 2176 635 2236 ε’γὼν
669 2177 801 2236 ἐρέω,
837 2178 896 2230 ὥς
928 2196 1005 2236 μοι
1038 2181 1176 2223 δοκεῖ
1201 2177 1323 2223 εἶναι
1355 2178 1520 2236 ἄριστα
1552 2187 1589 2234 ψ
1618 2183 1700 2222 130

768 2385 923 2419 VARIE
929 2383 1023 2418 TAS
1061 2384 1333 2418 LECTIONIS

327 2469 410 2510 139
439 2466 550 2522 ὑμῖν
578 2465 621 2509 L
743 2470 827 2510 140
857 2458 1061 2522 πόλεμόν
1091 2480 1140 2508 τε
1165 2465 1270 2508 LV
1387 2469 1468 2509 141
1501 2465 1582 2510 τὸν
1614 2463 1801 2520 scripsit
1835 2463 1888 2509 ὃν

206 2531 313 2576 LV
377 2529 520 2588 ὅνπερ
554 2529 757 2588 ἔπεφνεν
797 2532 843 2576 V
960 2534 1044 2574 143
1077 2531 1242 2581 εἴτινες
1273 2532 1394 2586 Ptu,
1456 2533 1624 2582 οἵτινες
1654 2531 1759 2576 LV
1815 2547 1891 2587 γε·

205 2596 349 2654 γάατε
381 2597 490 2652 LV,
522 2596 700 2641 correxi
793 2601 878 2640 144
910 2593 1085 2652 ἐνοπὴν
1119 2595 1474 2642 Stadtmuellerz
1507 2596 1650 2642 εἰπὼν
1680 2599 1795 2650 LV;
1829 2611 1889 2640 an

205 2663 298 2708 fuit
336 2663 397 2715 ὣς
437 2662 580 2708 εἰπὼν
612 2661 869 2723 ἀπέβαινεῖ
945 2663 1071 2719 λιγὺς
1097 2688 1151 2694 -
1178 2665 1330 2719 μῦθος
1363 2662 1716 2708 Stadtmueller:
1756 2661 1889 2719 λόγος

205 2730 305 2774 LV
389 2730 561 2788 μῦθος]
595 2736 723 2787 μυῶν
763 2730 823 2785 V,
861 2728 1051 2774 πάντων
1082 2730 1127 2774 L
1249 2733 1332 2775 146
1372 2727 1418 2773 δ’
1452 2729 1595 2774 αὐτὸν
1642 2730 1686 2774 V
1803 2733 1886 2774 147

207 2792 405 2839 ἔκτανον
452 2796 497 2840 V
665 2799 750 2840 148
798 2793 844 2839 δ’
889 2791 1052 2853 ἐπνίγη
1098 2794 1141 2838 V
1225 2795 1334 2852 περὶ
1373 2795 1417 2840 V
1581 2800 1664 2840 149
1695 2794 1888 2839 inclusit

205 2859 406 2905 Althaus
437 2876 479 2905 v.
517 2867 600 2906 150
632 2859 678 2906 δ’
712 2861 922 2907 inserens
1054 2867 1135 2906 151
1170 2868 1289 2918 μῦας
1318 2862 1362 2906 L
1491 2867 1573 2906 152
1607 2868 1692 2906 νῦν
1723 2860 1812 2918 ’γὰρ
1843 2861 1887 2904 L

207 2931 288 2970 153
324 2923 510 2972 ἔνοπλοι
531 2927 577 2971 L
1086 2962 1090 2966 v
