2038 3140
105 117 390 152 CONVIVIVM
430 118 662 151 ATTICVM
763 127 834 135 —-
912 99 982 151 63
1065 130 1126 136 -

12 246 70 288 30
105 229 179 292 ὡς
219 226 352 298 <δὲ>
395 230 519 283 ἴδον
560 234 908 299 Στρατοκλῆ,
954 230 1222 300 κρατερὸν
1261 232 1519 298 μήστωρα
1559 232 1790 298 φόβοιο,

97 319 324 387 τρίγλης
364 318 699 388 ἱπποδάμοιο
739 319 877 388 κάρη
919 319 1052 388 μετὰ
1091 316 1281 388 χερσὶν
1322 320 1540 387 ἔχοντα,
1575 359 1586 371 .
1613 361 1621 370 .
1650 359 1661 371 .

97 404 174 469 ἂψ
216 403 265 458 δ’
312 404 517 475 ἑλόμην
555 407 760 477 χάρμῃ,
801 409 1001 477 λαιμὸν
1042 404 1092 459 δ’
1131 408 1410 475 ἄπληστον
1450 407 1642 476 ἄμυξα.

94 489 236 561 ἦλθε
279 491 340 547 δὲ
379 497 609 565 Νηρῆος
647 496 928 566 θυγάτηρ,
970 493 1127 558 Θέτις
1166 495 1533 565 ἀργυρόπεζα,

96 583 264 650 σηπίη
307 582 678 653 εὐπλόκαμος,
721 585 874 652 δεινὴ
913 585 1048 646 θεὸς
1087 584 1392 652 αὐδήεσσα,

7 685 63 725 35
95 669 129 738 ἢ
170 672 312 739 μόνη
356 672 519 740 ἰχθὺς
559 668 699 725 οὖσα
736 673 798 724 τὸ
840 675 1038 726 λευκὸν
1077 670 1169 724 καὶ
1208 671 1380 741 μέλαν
1421 667 1552 726 οἶδε.

95 756 188 810 καὶ
236 760 438 812 Τιτυὸν
479 755 634 813 εἶδον
674 763 894 829 λίμνης,
937 759 1195 831 ἐρικυδέα
1233 762 1502 830 γόγγρον,

94 848 351 915 κείμενον
391 847 452 900 ἐν
492 846 811 901 λοπάδεσσ’·
851 849 879 902 ὁ
923 845 973 901 δ’
1012 843 1094 901 ἐπ’
1133 847 1292 901 ἐννέα
1331 857 1476 901 κεῖτο
1507 846 1785 917 τραπέζας.

94 941 170 1006 τῷ
214 932 275 988 δὲ
315 933 429 1005 μετ’
469 940 617 1005 ἴχνια
657 940 813 1005 βαῖνε
851 938 959 990 θεὰ
997 938 1335 999 λευκώλενος
1375 938 1537 1006 ἰχθὺς

94 1025 343 1092 ἔγχελυς,
384 1024 417 1092 ἣ
458 1025 599 1088 Διὸς
639 1021 811 1095 εὔχετ’
850 1024 910 1078 έν
950 1025 1240 1095 ἀγκοίνῃσι
1278 1032 1530 1095 μιγῆναι,

4 1125 64 1166 40
96 1110 154 1164 ἐκ
193 1114 440 1180 Κωπῶν,
482 1113 620 1167 ὅθεν
659 1113 925 1182 ἐγχέλεων
962 1111 1124 1181 γένος
1163 1113 1528 1183 ἁδροτεράων.

589 1281 790 1313 HOMERI
827 1281 1059 1314 DETORTI
1097 1279 1290 1315 VERSVS

185 1358 241 1397 30
274 1354 500 1410 κρατερὸν
534 1353 750 1412 μήστωρα
782 1352 983 1413 φόβοιο*
1018 1357 1052 1396 Ζ
1077 1358 1132 1398 97

182 1426 236 1464 31
262 1418 485 1478 ’Έκτορος
517 1419 909 1478 ἀνδροφόνοιο
940 1419 1060 1477 κάρη
1094 1419 1210 1476 μετὰ
1242 1418 1399 1475 χερσὶν
1434 1416 1602 1475 ἔχουσα
1636 1421 1679 1462 Ω
1699 1423 1783 1464 724

272 1487 442 1538 δαΐδας
473 1486 588 1544 μετὰ
619 1486 776 1544 χερσὶν
810 1485 1022 1543 ἔχοντες*
1053 1503 1081 1542 η
1111 1491 1193 1530 101

183 1557 238 1596 32
272 1552 357 1608 τὴν
391 1551 461 1609 ἂψ
495 1549 547 1597 ἐκ
579 1559 746 1610 χειρῶν
779 1551 904 1598 ἕλετο
935 1554 1104 1609 κρείων
1132 1549 1423 1609 Ἀγαμέμνων
1454 1554 1505 1594 Π
1526 1556 1580 1596 58

270 1617 422 1676 χάρμῃ
455 1620 603 1663 11823
696 1619 750 1662 σὺ
784 1616 830 1662 δ’
860 1617 1028 1663 ἔνδοθι
1059 1618 1218 1676 θυμὸν
1250 1618 1439 1675 ἀμύξεις
1468 1622 1504 1661 A
1524 1622 1609 1662 243

182 1689 238 1728 33
272 1683 566 1742 ἀργυρόπεζα
601 1682 755 1740 Θέτις,
786 1683 1001 1742 θυγάτηρ
1034 1683 1183 1728 ἁλίοιο
1215 1682 1431 1742 γέροντος
1461 1688 1498 1726 A
1524 1688 1609 1728 538

269 1749 424 1808 τόφρα
457 1749 505 1795 οἵ
533 1748 735 1808 ἐγγύθεν
766 1745 884 1806 ἦλθε
916 1750 1012 1796 θεὰ
1047 1749 1182 1802 Θέτις
1212 1748 1506 1807 ἀργυρόπεζα
1537 1753 1585 1794 Σ
1604 1755 1689 1796 381

269 1816 385 1861 ἀλλά
434 1813 456 1861 ἕ
505 1819 698 1875 Νηρῆος
735 1816 972 1875 θυγάτηρ,
1023 1815 1157 1868 Θέτις
1195 1814 1489 1874 ἀργυρόπεζα
1534 1817 1689 1873 hymn.
1730 1816 1781 1861 in

1155 1883 1312 1940 Apoll.
1343 1887 1426 1926 141
1463 1883 1590 1942 [319]

177 1954 235 1994 34
265 1951 415 2007 Κίρκη
449 1946 762 2008 εὐπλόκαμος,
794 1949 926 2006 δεινὴ
958 1949 1073 2000 θεὸς
1104 1949 1342 2005 αὐδήεσσα
1374 1966 1402 1994 κ
1428 1955 1512 1995 136

90 2019 147 2059 36
167 2029 234 2071 sq.
269 2015 350 2060 καὶ
387 2016 556 2061 Τιτυὸν
589 2014 739 2072 εἶδον,
773 2018 919 2073 Γαίης
951 2012 1191 2073 ἐρικυδέος
1222 2014 1347 2073 vidui,

267 2082 485 2138 κείμενον
504 2078 555 2126 ἐν
572 2081 785 2143 δαπέδῳ·
820 2082 844 2126 ὁ
863 2080 908 2126 δ’
933 2077 1008 2126 ἐπ’
1031 2078 1171 2127 ἐννέα
1195 2087 1320 2126 κεῖτο
1336 2081 1548 2140 πέλεθρα
1571 2086 1596 2126 λ
1613 2086 1698 2128 576
1710 2096 1778 2138 sq.

176 2150 232 2190 38
266 2145 291 2190 ὀ
323 2144 369 2190 δ’
400 2144 560 2191 ἔπειτα
591 2146 690 2205 μετ’
721 2150 848 2204 ἴχνια
881 2149 1014 2206 βαῖνε
1045 2150 1181 2192 θεοῖο
1215 2149 1344 2206 β406

265 2210 362 2255 θεὰ
393 2212 672 2264 λευκώλενος
691 2211 845 2270 ‘'an’‘
876 2218 912 2256 A
933 2217 990 2258 55

180 2283 236 2323 39
269 2275 298 2332 ἢ
331 2277 390 2334 δὴ
422 2278 503 2322 καὶ
534 2278 648 2330 Διὸς
680 2279 832 2335 εὔχετ’
860 2275 911 2324 ἐν
943 2280 1217 2336 ἀγκοίνῃσιν
1251 2276 1410 2322 ἰαῦσαι
1442 2281 1566 2324 λ261

246 2341 445 2401 γείνατ’
475 2339 526 2389 έν
557 2344 804 2403 ἀγκοίνῃσι
834 2345 949 2397 Διὸς
981 2344 1198 2403 μεγάλοιο
1232 2349 1416 2402 μιγεῖσα
1448 2348 1472 2388 λ
1491 2350 1575 2390 268

0 2420 7 2516 Ξῖ
175 2414 234 2455 40
267 2406 315 2464 ἐξ
343 2406 563 2466 Ἐνετῶν,
597 2408 715 2456 ὅθεν
745 2410 952 2469 ἡμιόνων
982 2410 1116 2469 γένος
1149 2410 1447 2470 ἀγροτεράων
1478 2415 1514 2455 Β
1535 2415 1620 2457 852

0 2519 7 2592 k
648 2572 902 2607 vARm'rAs
940 2549 1211 2608 monoms

205 2651 262 2691 30
300 2644 353 2691 δὲ
393 2645 576 2692 addidit
612 2646 828 2691 Musurus
978 2653 1033 2692 31
1074 2646 1194 2706 κάρη
1237 2647 1288 2693 G:
1343 2653 1491 2703 κακῆς
1520 2648 1567 2691 Α
1717 2651 1775 2693 35

87 2710 225 2770 ἰχθῦς
254 2713 301 2758 A
368 2710 485 2758 οὖσα
525 2726 686 2758 omnes
723 2714 911 2770 praeter
947 2713 1293 2759 Paessensium:
1334 2709 1477 2758 ἐοῦσα
1506 2712 1605 2757 ΑΟ
1717 2718 1775 2760 36

85 2778 168 2823 καὶ
206 2775 250 2836 ῥ’
293 2776 398 2824 υἱὸν
441 2777 569 2825 εἶδον
607 2778 823 2823 Meineke
943 2784 1000 2824 37
1039 2777 1210 2824 λοπάδι
1251 2778 1290 2823 G'
1402 2783 1460 2822 40
1501 2773 1553 2822 ἐκ
1590 2781 1775 2825 Κωπῶν

83 2843 256 2889 Kaibel
308 2847 357 2889 et
400 2858 510 2902 ego,
558 2841 610 2890 ἐν
655 2843 842 2890 κοιτῶν’
888 2845 957 2900 A,
1010 2841 1061 2890 ἐν
1107 2850 1282 2894 κοιτῶνι
1325 2843 1374 2899 Ο,
1420 2839 1473 2888 ἐκ
1519 2851 1688 2891 κοιτῶν
1725 2845 1780 2891 Ε

85 2909 383 2968 ἁδροτεράων
407 2910 762 2956 Stadtmuellen
787 2909 1084 2970 ἀγροτεράων
1107 2909 1213 2967 ΑΟ,
1237 2907 1535 2969 ἁβροτεράων
1556 2910 1776 2958 Meineko
