2038 3140
872 159 931 165 -
1017 129 1121 181 184
1204 159 1263 166 —-
1402 147 1684 180 ARCHESTR.
1717 149 1905 181 HEDYP.

226 262 435 328 θέρεος
475 262 595 312 κατὰ
627 264 849 312 Χαλκίδα
888 262 1084 326 κεδνήν.
1163 264 1306 312 Unde
1345 265 1548 313 deorum
1594 265 1779 312 mentio
1821 259 1905 330 (cf.

226 347 375 393 etiam
434 342 599 409 μητέρι
654 339 821 410 τιμῆς)
884 346 979 392 huc
1033 346 1314 406 irrepserit,
1376 346 1522 393 facile
1574 345 1904 408 intellegitur:

228 443 286 474 ex
325 427 554 474 universo
597 427 726 473 enim
765 425 974 487 piscium
1006 441 1209 473 numero
1241 426 1422 488 thynni
1452 426 1556 474 fere
1581 426 1733 474 solius
1760 427 1906 474 sacri-

223 507 335 554 ficia
372 507 582 568 fiebant3
632 507 688 554 cf.
731 507 847 554 Ath.
888 507 987 554 VII
1036 509 1199 555 297e:
1250 501 1526 571 Ἀντίγονος
1565 503 1590 554 ὅ
1629 506 1906 569 Καρύστιος

226 585 277 635 ἐν
317 589 382 655 τῷ
421 585 530 651 περὶ
569 585 739 645 λέξεως
772 582 842 651 (p.
872 589 975 635 174
1000 582 1145 652 Wss.)
1177 585 1292 644 τοὺς
1323 583 1532 644 Αἰολέας
1564 583 1688 651 λε’γει
1718 585 1907 634 θυσίαν

228 663 570 726 ἐπιτελοῦντας
601 670 665 736 τῷ
691 668 970 717 Ποσειδῶνι
1000 666 1098 716 ὑπὸ
1130 665 1220 730 τὴν
1243 674 1340 716 τῶν
1363 666 1572 716 θύννων
1598 667 1748 732 ὥραν,
1789 666 1906 716 ὅταν

224 747 544 816 εὐαγρήσωσι,
584 748 733 797 θύειν
770 751 836 817 τῷ
874 752 978 817 θεῷ
1016 746 1102 797 τὸν
1137 756 1331 812 πρῶτον
1363 746 1540 797 ἁλόντα
1570 748 1784 811 θύννον,
1823 746 1906 796 καὶ

220 827 311 891 τὴν
356 829 543 877 θυσίαν
589 829 770 892 ταύτην
816 833 1076 878 καλεῖσθαι
1119 834 1383 879 θυνναῖον.
1460 831 1602 878 Nunc
1642 845 1836 892 quoque
1876 846 1909 877 a

224 911 557 972 piscatoribus
590 910 779 958 Italicis
821 927 878 959 ex
911 911 1203 959 Sanctorum
1239 923 1446 960 'numero
1480 912 1538 974 ei,
1579 927 1724 973 quem
1757 911 1904 974 thyn-

222 1007 399 1039 norum
454 993 688 1053 capturae
736 993 1015 1054 praesidem
1063 992 1213 1053 atque
1252 997 1518 1053 patronum
1566 992 1730 1039 sortiti
1772 994 1904 1050 sunt,

223 1088 339 1135 pars
364 1073 578 1134 praedae
611 1073 736 1120 dono
771 1075 999 1135 offertum
1037 1074 1149 1122 vide
1176 1072 1310 1121 Cetti
1341 1073 1536 1120 abbatis
1561 1073 1900 1120 testimonium

225 1154 357 1215 apud
388 1153 680 1200 Brehmium
720 1155 750 1201 l.
776 1155 807 1202 l.
840 1171 886 1215 p.
916 1155 1035 1202 100.
1091 1152 1289 1215 Optime
1328 1169 1446 1202 vcro
1486 1154 1714 1216 exposuit
1745 1169 1908 1215 nuper

221 1234 408 1282 Paulus
436 1233 638 1297 Stengel
668 1235 720 1282 in
750 1234 966 1283 Hermae
997 1235 1092 1284 vol.
1117 1235 1260 1282 XXII
1288 1236 1427 1284 1887
1458 1251 1504 1296 p.
1532 1237 1598 1283 94
1619 1251 1722 1296 sqq.
1765 1230 1906 1283 eiiber

221 1315 301 1363 die
341 1314 496 1362 Wild-
536 1316 638 1362 und
675 1315 966 1378 Fischopfer
1013 1316 1099 1363 der
1139 1310 1433 1376 Griechen'‚
1480 1315 1566 1377 qui
1613 1316 1756 1364 docet
1793 1317 1905 1366 ideo

220 1396 382 1458 pisces
424 1411 454 1443 a
491 1396 748 1444 veteribus
788 1397 862 1445 dis
901 1412 1001 1446 non
1039 1411 1146 1444 esse
1196 1395 1516 1456 sacrificatos‚
1566 1398 1699 1458 quod
1744 1413 1903 1460 neque

220 1476 515 1539 sanguinem
561 1476 780 1526 habeant
825 1493 914 1526 nec
959 1477 1218 1538 potuerint
1262 1477 1364 1526 vivi
1410 1480 1560 1540 atque
1607 1476 1790 1539 integri
1837 1478 1902 1525 ad

220 1557 425 1605 deorum
474 1572 586 1605 aras
634 1558 815 1608 afferri.
907 1558 1047 1607 Nihil
1100 1561 1270 1606 autem
1325 1558 1420 1606 sibi
1473 1558 1728 1619 postulare
1784 1558 1905 1606 deos

221 1637 320 1686 nisi
358 1638 514 1687 vitam
564 1639 779 1701 hostiae,
834 1655 983 1702 quam
1030 1640 1271 1701 sanguine
1310 1639 1624 1701 potissimum
1663 1639 1906 1687 contineri

218 1721 412 1766 veteres
475 1721 725 1780 putarent.
827 1719 1060 1768 Ceterum
1119 1723 1320 1782 praeter
1373 1721 1589 1783 thynnos
1652 1721 1903 1783 anguillas

222 1815 419 1862 quoque
445 1799 687 1862 Copaides
721 1800 1022 1849 sacrificatas
1055 1816 1162 1850 esse
1192 1803 1391 1850 constat
1414 1817 1471 1849 ex
1495 1801 1612 1849 Ath.
1635 1800 1734 1848 VII
1760 1803 1904 1849 2970

220 1883 272 1928 et
310 1880 583 1928 Menandro
624 1896 700 1942 ap.
733 1881 852 1931 Ath.
881 1881 1004 1929 VIII
1037 1882 1186 1931 364d
1225 1875 1324 1948 (IV
1360 1883 1460 1929 161
1504 1874 1690 1947 Mein.)
1761 1876 1830 1931 V.
1863 1875 1902 1929 4

220 1959 595 2008 subsistendum
634 1964 711 2009 est
747 1962 800 2010 in
839 1977 896 2010 eo
937 1962 1071 2024 quod
1111 1960 1294 2010 Coraes
1333 1961 1542 2010 coniecit
1579 1959 1663 2009 καὶ
1694 1959 1759 2024 μὴ
1792 1960 1902 2026 περὶ

217 2045 360 2104 τιμῆς
397 2040 688 2102 insequente
725 2043 905 2090 lacuna
943 2058 1042 2105 qua
1071 2042 1349 2091 Meinekius
1384 2041 1594 2106 δηριάαν
1625 2043 1706 2091 vel
1739 2043 1903 2092 simile

218 2121 338 2183 quid
383 2122 693 2170 intercidisse
741 2123 1037 2184 suspicatur.
1121 2117 1190 2172 V.
1234 2118 1286 2171 5.
1345 2123 1506 2180 Quare
1547 2123 1775 2186 Byzantii
1813 2140 1900 2185 po·

218 2201 468 2250 tissimum
508 2200 561 2251 ἐν
591 2205 657 2271 τῷ
687 2199 867 2268 Κέρατι
905 2204 1086 2267 thynni
1124 2204 1383 2265 capiantur
1422 2220 1481 2252 ex
1510 2203 1670 2252 Ponto
1702 2204 1901 2253 Euxino

217 2282 617 2346 proficiscenteS,
683 2285 964 2333 accuratius
1027 2285 1243 2347 explicat
1298 2284 1478 2333 Strabo
1532 2285 1631 2332 VII
1682 2301 1727 2346 p.
1779 2286 1902 2334 320.

219 2355 289 2410 V.
341 2356 399 2412 9.
468 2363 685 2412 Kaibelii
730 2364 1016 2414 coniectura
1059 2363 1383 2430 Περσεφόνης
1432 2362 1542 2423 ἕδος
1595 2362 1902 2426 εὐστεφάνου

219 2442 402 2490 nititur
428 2444 535 2493 loco
563 2443 821 2494 Strabonis
850 2446 924 2493 VI
946 2463 992 2508 p.
1020 2447 1148 2494 256:
1190 2444 1271 2495 διὰ
1304 2442 1356 2494 δὲ
1387 2443 1439 2494 τὸ
1472 2443 1740 2508 εὐλείμωνα
1771 2439 1902 2494 εἶναι

221 2521 280 2570 τὰ
326 2523 636 2587 περικείμενα
681 2525 832 2590 χωρία
877 2523 959 2574 καὶ
1005 2523 1207 2591 ἀνθηρὰ
1245 2523 1335 2587 τὴν
1372 2523 1544 2589 Κόρην
1583 2522 1637 2573 ἐκ
1673 2523 1902 2583 Σικελίας

216 2602 594 2653 πεπιστεύκασιν
648 2602 970 2668 ἀφικνεῖσθαι
1025 2606 1171 2670 δεῦρο
1218 2603 1681 2671 ἆνθολογήσουσαν·
1744 2601 1798 2653 ἐκ
1845 2601 1899 2652 δὲ

216 2682 394 2732 τούτου
448 2688 552 2743 ταῖς
603 2683 829 2751 γυναιξὶν
878 2683 932 2734 ἐν
978 2683 1084 2735 ἔθει
1128 2683 1328 2752 γέγονεν
1381 2684 1677 2750 ἀνθολογεῖν
1722 2701 1771 2733 τε
1815 2681 1900 2732 καὶ

218 2767 762 2829 στεφανηπλοκεῖν,
785 2764 906 2815 ὥστε
928 2770 1032 2825 ταῖς
1054 2764 1242 2831 ἑορταῖς
1266 2764 1465 2831 αἰσχρὸν
1481 2759 1607 2814 εἶναι
1623 2763 1900 2827 στεφάνους

222 2838 444 2905 ὠνητοὺς
481 2848 672 2909 φορεῖν.
747 2840 816 2896 V.
861 2839 931 2893 ll
961 2861 1065 2909 sqq.
1105 2861 1165 2894 ea
1202 2847 1312 2896 loca
1343 2845 1539 2894 Siciliae
1570 2848 1718 2908 poeta
1749 2845 1899 2908 signi-

224 2921 373 2972 ficare
413 2925 630 2990 videtur,
673 2941 883 2988 quorum
919 2927 1026 2988 ipse
1063 2941 1162 2975 non
1201 2926 1362 2975 solum
1400 2925 1567 2974 accola
1605 2919 1707 2989 (ἐπὶ
1744 2923 1900 2973 τῶνδε

2000 47 2038 115 f}
