2038 3140
924 735 1015 794 III

607 868 940 928 HEGEMO
992 867 1152 926 THA
1163 866 1330 927 SIVS

240 989 545 1052 Hegemonis
579 989 751 1038 Thasii
762 982 820 1055 ¹),
853 989 932 1036 cui
963 988 1198 1050 parodiae
1222 988 1456 1037 inventae
1480 988 1700 1049 palmam
1725 987 1815 1034 tri-

128 1070 240 1118 buit
276 1069 576 1119 Aristoteles
587 1063 656 1136 ²),
707 1071 1046 1133 fragmentum
1083 1085 1321 1118 versuum
1359 1069 1540 1132 viginti
1579 1071 1630 1117 et
1669 1069 1813 1116 unius

128 1165 229 1198 una
274 1166 387 1198 cum
424 1150 752 1212 Hipponactis
799 1153 851 1199 et
887 1151 1081 1199 Euboei
1126 1151 1352 1213 reliquiis
1401 1150 1621 1199 servavit
1659 1150 1816 1197 Athe-

131 1246 286 1280 naeus
326 1230 419 1278 XV
462 1231 616 1280 698d
642 1224 802 1297 sqq.3)
842 1231 1159 1294 desumptum
1199 1230 1481 1279 Polemonis
1521 1231 1816 1294 Periegetae

131 1327 189 1359 ex
235 1312 361 1360 libro
402 1311 690 1359 duodecimo
729 1311 952 1374 illorum,
993 1327 1116 1374 quos
1156 1312 1394 1361 adversus
1436 1311 1627 1360 Timaei
1664 1311 1817 1360 histo-

130 1392 230 1440 rias
278 1392 649 1454 conscripserat.
661 1386 706 1458 4)
786 1391 939 1440 Cuius
986 1393 1256 1454 fragmenti
1303 1396 1655 1455 argumentum
1704 1408 1815 1440 cum

132 1473 195 1519 ad
226 1472 382 1534 ipsius
422 1471 726 1535 Hegemonis
764 1473 922 1522 vitam
961 1474 1220 1535 artemque
1261 1475 1468 1536 spectet,
1516 1489 1665 1535 quam
1704 1473 1815 1520 bre-

129 1553 331 1601 vissime
379 1567 505 1615 quae
553 1555 690 1601 certo
737 1554 852 1602 sciri
899 1553 960 1602 de
1005 1553 1092 1601 illo
1138 1557 1350 1615 possunt
1388 1553 1816 1616 comprehendam.

130 1632 390 1695 Hegemon
451 1633 604 1682 Thasi
619 1627 664 1700 ⁵)
725 1637 874 1683 natus
935 1634 1101 1698 patria
1159 1638 1364 1697 propter
1423 1635 1498 1683 rei
1556 1633 1818 1682 familiaris

251 1805 292 1860 1)
313 1802 695 1848 Cf.We1andium
707 1819 753 1861 p.
765 1809 820 1849 25
832 1818 948 1859 sqq.,
966 1802 1288 1848 Ecksteinium
1302 1805 1333 1850 1.
1345 1804 1375 1848 1.
1385 1819 1430 1861 p.
1442 1809 1542 1860 270,
1561 1803 1818 1848 Prellerum

130 1883 176 1926 p.
205 1875 259 1915 79
278 1885 393 1927 sqq„
424 1870 687 1916 Peltzerum
719 1886 763 1927 p.
790 1876 846 1916 28
865 1884 980 1926 sqq.,
1012 1869 1276 1914 Paessensii
1305 1885 1460 1928 progr.

249 1938 293 1994 2)
325 1936 455 1981 Poet.
475 1943 501 1982 2
526 1941 587 1994 (p.
609 1941 722 1983 1448
741 1951 770 1981 a
788 1938 873 1994 12).
920 1936 990 1981 De
1014 1936 1284 1982 imitatione
1310 1936 1500 1981 disserit
1511 1936 1817 1982 Aristoteles:

130 2000 250 2047 sicut
298 2001 423 2046 inter
466 2002 672 2059 pictores
719 2003 1011 2060 Polygnotus
1056 2002 1297 2058 meliores,
1344 2002 1496 2047 Pauso
1545 2001 1816 2056 deteriores,

0 2103 3 2105 ,
126 2066 379 2124 Dionysius
412 2067 590 2113 similes
622 2068 759 2113 finxit
787 2068 1015 2125 homines,
1047 2069 1119 2113 ita
1148 2068 1273 2114 inter
1301 2071 1468 2126 poetas
1498 2066 1700 2127 Ὅμηρος
1729 2066 1816 2125 μὲν

0 2130 6 2136 ’
39 2154 50 2159 ·
129 2134 359 2191 βελτίους,
395 2137 623 2191 Κλεοφῶν
654 2132 708 2179 δὲ
740 2133 951 2192 ὁμοίους,
982 2133 1238 2192 “Ηγήμ,ων
1269 2133 1330 2179 δὲ
1362 2134 1387 2179 ὁ
1422 2133 1633 2185 Θάσιος
1663 2133 1688 2178 ὁ
1720 2133 1818 2185 τὰς

128 2200 424 2260 παρῳδίας
463 2198 708 2256 ποιήσας
745 2207 964 2258 πρῶτος
1001 2199 1084 2244 καὶ
1113 2198 1387 2258 Νικοχάρης
1425 2199 1450 2244 ὁ
1481 2199 1566 2255 τὴν
1597 2198 1818 2255 Δηλιάδα

126 2265 322 2321 χείρους.

247 2333 292 2387 3)
318 2330 601 2388 Hegemonis
626 2343 844 2376 versuum
867 2333 961 2376 tres
986 2333 1035 2376 et
1058 2331 1356 2376 dimidiatum
1373 2333 1431 2390 (v.
1454 2335 1646 2389 18—21)
1669 2332 1817 2378 habet

134 2395 407 2442 Athenaeus
432 2397 575 2442 etiam
598 2397 720 2442 libro
735 2397 803 2441 IX
825 2402 912 2442 406
931 2397 989 2442 ef
1007 2411 1064 2443 ex
1087 2397 1466 2444 Chamaeleontis
1488 2397 1674 2443 Pontici
1695 2397 1819 2443 libro

131 2463 261 2507 sexto
292 2463 401 2521 περὶ.
430 2469 513 2520 τῆς
543 2464 744 2522 ἀρχαίας
773 2465 1019 2525 κωμῳδίας
1049 2464 1122 2522 (fr.
1148 2469 1203 2510 18
1234 2463 1460 2523 Koopke).
1599 2483 1601 2485 ’

63 2575 65 2578 .
244 2532 291 2587 4)
330 2529 561 2575 Prellerus
598 2546 644 2588 p.
678 2535 735 2576 78
759 2545 827 2587 sq.
864 2531 1178 2588 probabiliter
1224 2530 1427 2576 coniecit
1466 2531 1710 2576 Timaeum
1756 2531 1815 2576 de

53 2613 66 2633 ν
130 2594 307 2641 Boeoto
339 2596 399 2642 ab
430 2595 694 2654 Agathocle
726 2610 751 2641 e
781 2596 940 2654 patria
970 2597 1165 2655 expulso
1195 2596 1403 2654 itemque
1441 2597 1499 2642 de
1529 2596 1719 2642 Euboeo
1746 2596 1818 2642 ita

62 2688 65 2690 -
130 2661 393 2719 scripsisse,
439 2665 683 2719 tamquam
729 2661 782 2707 hi
825 2661 967 2719 primi
994 2662 1241 2721 parodiam
1278 2662 1622 2718 condidissent;
1671 2677 1815 2719 quare

126 2725 427 2774 Polemonem
455 2728 659 2774 maxime
689 2729 780 2773 hoc
809 2741 999 2786 urgere,
1043 2728 1190 2774 fuisse
1229 2730 1375 2774 etiam
1414 2730 1555 2774 antea
1589 2729 1672 2784 qui
1707 2742 1814 2786 par-

130 2792 286 2838 odiam
318 2794 628 2853 scripsissent,
659 2793 891 2852 imprimis
919 2793 1240 2853 Hegemonem
1269 2793 1508 2840 Thasium.

249 2863 294 2918 5)
334 2859 401 2907 Cf.
439 2863 630 2920 praeter
665 2861 814 2920 ipsius
853 2860 1170 2919 fragmentum
1207 2861 1319 2906 Ath.
1350 2860 1373 2904 I
1404 2859 1495 2916 sb,
1538 2859 1605 2904 IX
1634 2860 1814 2917 406de,

132 2922 446 2985 Paroemiogr.
479 2927 642 2974 Graec
675 2929 748 2974 ed.
779 2927 983 2973 Leutsch
1015 2929 1065 2973 et
1094 2925 1382 2973 Schneidew.
1413 2925 1436 2970 Ι
1464 2941 1510 2983 p.
1534 2931 1635 2973 406.
