2038 3140
913 167 974 172 —
1054 136 1125 188 48
1210 167 1270 172 ——
1639 153 1935 189 HnenMoms

249 266 407 338 (quod
452 273 660 321 verbum
707 273 885 320 ceteris
932 273 1051 320 locis
1099 287 1210 319 cum
1258 272 1539 321 accusativo
1590 266 1934 338 coniungitur)

250 353 313 400 ad
351 354 506 401 verba
545 352 613 411 εἰς
658 352 872 411 Θασίους
910 355 1097 401 referre
1144 356 1195 401 et
1242 369 1351 401 cum
1390 353 1672 402 Hermanno
1719 354 1934 402 scribere

248 434 422 482 liceret
453 435 660 496 Κλυτοῖ,
699 437 756 482 ut
793 434 968 482 Κλυτώ
1007 451 1188 483 nomen
1226 435 1484 495 proprium
1523 437 1655 483 esset
1695 428 1772 499 (O.
1805 435 1843 482 Ι.
1878 434 1933 483 Gr.

247 514 323 561 III
365 516 524 577 5275,
564 515 637 561 IV
679 507 846 580 7381)
886 516 1052 562 uxoris
1091 515 1415 577 Hegemonis,
1464 515 1543 563 cui
1579 515 1843 577 pollicetur
1882 515 1935 562 in

247 598 504 655 posterum
530 611 582 643 se
606 597 864 656 pecuniam
890 599 1229 657 comparatam
1259 596 1585 658 traditurum,
1618 612 1715 657 qua
1739 597 1933 644 ratione

249 677 443 724 facilior
482 677 614 725 foret
651 677 894 724 transitus
928 676 990 723 ad
1029 677 1251 738 coniugis
1283 677 1586 725 mentionem
1617 694 1663 725 v.
1694 679 1776 726 14.
1838 677 1935 724 Sed

246 772 406 818 neque
444 757 571 805 illud
609 757 755 805 facile
794 757 980 819 poterit
1018 758 1219 806 concedi
1256 774 1415 819 neque
1446 757 1685 805 traditam
1716 759 1775 804 ut
1808 760 1932 805 tem-

246 841 444 899 ptemus
493 838 793 899 scripturam
840 838 1104 887 admittere
1143 839 1377 887 videntur
1417 839 1640 899 exempla
1687 839 1935 886 homerica

248 916 425 966 κλυτὸν
451 915 655 983 '‘Amos-9
693 920 816 968 item
854 917 1004 966 κλυτὰ
1044 919 1202 982 δῶρα,
1240 918 1425 982 τεύχεα,
1466 917 1678 982 δώματα.
1756 919 1933 981 Itaque

245 999 371 1046 nihil
411 1000 711 1061 relinquitur
748 1000 847 1047 nisi
878 1003 936 1047 ut
966 1000 1119 1047 verba
1150 992 1219 1057 'sig
1247 999 1461 1057 Θασίους
1489 996 1542 1046 δὲ
1574 999 1636 1047 ad
1668 997 1932 1063 ἐγγυαλίξω

246 1081 521 1129 referentes
563 1082 863 1142 explicemus
905 1076 995 1128 ‘ad
1036 1081 1245 1129 Thasios
1286 1082 1453 1127 autem
1491 1079 1617 1126 nihil
1656 1079 1823 1127 damni
1863 1081 1931 1128 ef-

244 1160 412 1208 ficiens
462 1162 771 1222 splendidam
817 1162 1079 1222 pecuniam
1126 1155 1384 1209 deferam’.
1486 1159 1622 1215 Quae
1670 1176 1780 1207 cum
1833 1177 1933 1210 non

244 1241 390 1288 modo
447 1243 653 1290 obscure
707 1244 1032 1303 contorteque
1089 1242 1222 1289 dicta
1268 1242 1389 1303 sint,
1446 1241 1531 1288 sed
1577 1241 1729 1289 etiam
1781 1257 1930 1304 aegre

244 1323 609 1384 coniungantur
663 1339 775 1370 cum
826 1321 1204 1383 insequentibus
1250 1321 1475 1369 versibus
1530 1321 1711 1382 quibus
1762 1323 1931 1371 uxoris

244 1402 408 1451 subito
436 1403 624 1451 mentio
655 1403 728 1463 fit,
758 1405 984 1464 praestat
1014 1402 1229 1451 fortasse
1262 1402 1443 1450 ultima
1472 1402 1617 1464 ratio,
1649 1402 1842 1450 hiatum
1873 1406 1931 1451 ut

244 1485 526 1532 statuamus
566 1499 664 1545 qua
702 1500 747 1532 v.
783 1486 851 1532 10
892 1486 943 1531 et
984 1486 1048 1531 11
1093 1483 1413 1545 dirimantur3
1459 1483 1772 1532 intercidisse
1811 1501 1928 1534 vero

243 1563 381 1626 talia,
419 1566 477 1611 ut
517 1580 576 1612 ea
617 1565 852 1614 evaderet
889 1565 993 1612 fere
1034 1564 1282 1612 sententia
1321 1579 1471 1625 quarn
1511 1579 1680 1611 omnes
1718 1565 1928 1626 requisi-

242 1645 446 1692 verunt:
489 1639 640 1706 ‘apud
674 1644 884 1692 Thasios
925 1645 1116 1707 degens
1152 1660 1302 1707 quam
1339 1643 1602 1706 pecuniam
1639 1645 1762 1692 mihi
1801 1661 1928 1694 com-

241 1739 484 1786 paravero
523 1725 650 1772 nihil
695 1741 902 1786 peccans
942 1725 1083 1774 uxori
1119 1727 1338 1787 tradam,
1382 1741 1446 1773 ne
1485 1724 1595 1786 quis
1634 1725 1757 1772 mihi
1796 1727 1929 1775 domi

241 1805 548 1854 Achivarum
595 1807 900 1868 suscenseat,
949 1808 1081 1868 quod
1120 1808 1298 1855 absens
1337 1821 1541 1854 uxorem
1578 1803 1927 1868 neglexerim'.

240 1884 494 1934 Prellerus
534 1886 764 1934 lacunam
808 1890 923 1948 post
966 1903 1013 1935 v.
1048 1889 1115 1935 12
1161 1886 1423 1946 indicavit,
1471 1885 1558 1934 sed
1596 1886 1707 1935 aliis
1749 1886 1927 1936 ductus

239 1966 517 2015 rationibus
558 1981 681 2029 quas
718 1967 888 2015 irritas
928 1982 1039 2015 esse
1077 1966 1439 2015 demonstravit
1475 1965 1729 2015 Peltzerus
1760 1984 1807 2029 p.
1842 1970 1925 2016 34.

242 2043 331 2108 [ὡς
366 2046 591 2095 Θασίοισι
621 2047 1054 2109 Stadtmuellerus,
1089 2048 1174 2109 qui
1204 2048 1567 2108 interpretatur
1599 2042 1670 2094 ein
1700 2048 1926 2096 futurum

239 2143 358 2175 vero
404 2143 503 2175 non
549 2128 926 2190 peregrinabor,
981 2127 1068 2176 sed
1120 2127 1199 2175 hic
1244 2128 1567 2191 permanebo,
1622 2130 1680 2175 ut
1726 2129 1924 2178 Thasiis

238 2209 411 2269 procul
433 2208 616 2256 iniuria
638 2209 900 2270 pecuniam
922 2208 1178 2270 tradam,
1208 2209 1238 2255 i.
1266 2225 1306 2258 e.
1332 2207 1487 2256 domi
1518 2204 1921 2272 consumam'.]

239 2283 309 2338 V.
347 2282 419 2336 13
440 2297 528 2350 sq.
590 2289 893 2352 Magnopere
924 2289 1155 2351 displicet
1183 2289 1320 2338 vocis
1352 2282 1486 2346 οἶκος
1516 2290 1763 2352 repetitio,
1803 2288 1925 2338 κατὰ

239 2363 378 2418 οἶκον
418 2373 469 2418 et
506 2367 560 2418 ἐν
597 2369 765 2428 οἴκοις.
833 2371 1010 2432 Itaque
1047 2385 1138 2431 pro
1177 2367 1232 2416 ἐν
1261 2368 1433 2431 οἴκοις,
1471 2370 1602 2431 quod
1634 2372 1685 2417 et
1717 2373 1924 2432 propter

237 2450 485 2511 pluralem
523 2466 787 2499 numerum
827 2451 1031 2499 offendit
1074 2465 1165 2498 nec
1215 2465 1313 2512 qua
1357 2450 1550 2498 ratione
1591 2450 1816 2498 additum
1855 2451 1922 2500 sit

238 2533 468 2593 apparet,
524 2531 813 2580 acutissima
866 2533 945 2580 est
989 2530 1356 2579 Wachsmuthii
1401 2531 1684 2579 coniectura
1707 2528 1920 2594 ἀεικῶς,

239 2627 339 2674 qua
375 2613 523 2660 huius
569 2611 667 2660 loci
713 2611 961 2660 sententia
1004 2612 1188 2659 mirum
1235 2613 1480 2674 quantum
1526 2612 1760 2673 aperitur.
1840 2611 1919 2660 Sic

238 2694 368 2741 enim
398 2693 701 2755 vituperatio
731 2693 820 2740 illa
849 2694 1106 2754 placentae
1137 2693 1199 2740 ab
1232 2692 1534 2756 Hegemonis
1565 2707 1718 2740 uxore
1750 2693 1918 2741 coctae

237 2773 447 2834 elicitur,
486 2789 635 2836 quam
673 2772 1170 2836 Schweighaeuserus
1209 2777 1260 2822 et
1296 2773 1548 2821 Prellerus
1586 2771 1639 2819 in
1676 2772 1917 2821 vocabulo

238 2853 369 2915 quod
406 2855 483 2902 est
520 2851 724 2918 ἆχαϊκὸν
769 2854 927 2902 latere
967 2854 1369 2916 suspicabantur,
1414 2855 1620 2915 propter
1664 2855 1916 2901 recentem

235 2933 543 2983 Achivarum
594 2934 896 2983 mentionem
949 2926 1018 3000 (v.
1061 2927 1155 3000 1-3)
1202 2949 1319 2983 sane
1371 2933 1739 2982 molestissimo.
1822 2933 1917 2982 Ille
