2038 3140
0 2805 11 3023 va--
15 2714 18 2715 Ἰ
0 2635 3 2640 -

144 145 391 180 GELENsls
786 161 852 166 ——
935 131 1036 183 137
1122 161 1181 166 —-

142 266 394 312 nerentur.
454 264 584 311 Nam
623 266 681 313 fr.
715 267 978 314 XXXVIII
1015 269 1081 315 10
1122 267 1332 314 scombri
1372 283 1484 316 caro
1524 269 1687 316 mollis
1722 271 1825 317 lau-

144 345 312 405 datur,
362 344 439 392 cui
492 345 758 407 opponitur
803 349 861 396 fr.
904 347 1113 394 XXXIX
1162 348 1383 396 subdura
1429 364 1541 397 caro
1582 352 1825 399 antacaei:

144 429 355 489 uterque
403 429 571 473 autem
616 427 767 488 piscis
818 429 870 475 in
914 427 1072 475 Ponto
1129 428 1269 490 eique
1323 429 1533 477 finitima
1580 431 1826 480 Maeotide

141 507 323 568 palude
361 507 598 555 nascitur.
664 507 800 564 Quae
841 509 883 556 si
924 524 1043 557 vera
1082 513 1212 572 sunt,
1252 514 1399 572 poeta
1436 511 1576 559 iubet
1614 513 1825 560 amicum

144 587 248 635 sale
288 586 484 635 condire
524 588 686 648 pisces
734 589 797 637 ad
842 589 893 636 id
932 590 1154 650 idoneos,
1201 590 1231 638 i.
1273 607 1312 639 e.
1359 591 1524 654 ταρίχη
1563 591 1823 655 Βοσπόρου

143 665 471 716 ἐκπλεύσαντα
485 662 525 733 1)
559 668 648 716 illa
680 669 870 718 scilicet
895 686 1019 732 quae
1052 672 1262 718 maxime
1288 672 1388 719 sint
1410 673 1523 720 alba
1549 666 1633 738 (de
1657 674 1747 720 hac
1771 689 1825 721 re

144 765 190 797 v.
224 742 509 814 comment.)
550 752 752 811 praeter
790 748 1056 799 ἀντακαῖον
1097 751 1221 798 dura
1259 766 1404 799 carne
1443 746 1764 818 ingratum.2)

254 829 493 877 Fortasse
532 832 738 891 propter
777 846 955 878 nomen
987 828 1188 894 τέμαχος
1220 833 1311 879 hac
1342 832 1393 878 in
1424 837 1565 893 parte
1599 834 1827 881 carminis

142 909 204 959 fr.
242 909 428 957 XXXX
476 925 672 972 quoque
720 910 780 958 de
827 911 992 971 gladio
1040 914 1118 959 est
1164 912 1460 974 ponendum:
1516 914 1639 960 certi
1685 914 1823 974 quid-

145 1005 294 1053 quam
334 990 395 1038 de
434 990 542 1039 eius
582 990 696 1039 sede
735 990 949 1052 proferri
984 991 1171 1052 nequit.

251 1070 477 1132 Denique
528 1087 627 1119 non
682 1071 907 1120 dubitavi
962 1086 1021 1119 ea
1074 1072 1357 1134 fragmenta
1408 1074 1823 1135 comprehendere

142 1169 354 1217 quorum
391 1155 562 1215 partes
592 1152 871 1212 mutilatae,
911 1152 1174 1201 dummodo
1215 1155 1462 1202 sententia
1492 1155 1543 1202 id
1575 1154 1825 1218 admittat,

139 1234 192 1281 in
223 1234 478 1297 integrum
508 1249 708 1282 versum
739 1233 973 1295 coniungi
996 1236 1217 1294 possunt.
1229 1227 1272 1299 ³)
1337 1235 1511 1296 Itaque
1542 1236 1822 1297 fragmento

138 1314 330 1362 XXVII
362 1314 593 1363 subiunxi
624 1315 685 1362 fr.
709 1312 940 1376 XXVIII,
981 1329 1091 1361 cum
1121 1316 1402 1378 fragmento
1434 1315 1622 1363 XXVII
1653 1319 1822 1364 autem

138 1395 198 1444 fr.
222 1395 389 1443 XXVI
419 1398 477 1442 ut
510 1410 662 1456 supra
691 1411 738 1456 p.
777 1396 879 1442 134
914 1396 1235 1459 ostendimus,
1275 1396 1520 1458 cohaeret,
1552 1397 1635 1459 qui
1666 1412 1819 1444 nexus

139 1491 197 1525 eo
238 1492 435 1540 quoque
474 1475 685 1523 indicari
722 1475 936 1537 videtur,
976 1477 1106 1537 quod
1145 1492 1257 1524 cum
1296 1476 1349 1523 in
1386 1477 1448 1525 fr.
1487 1477 1650 1524 XXVI
1690 1476 1820 1539 Sirii,

142 1557 196 1605 in
225 1558 286 1606 fr.
310 1556 529 1606 XXVIII
558 1555 737 1604 messis
776 1555 1134 1605 frumentariae
1172 1557 1358 1605 mentio
1390 1557 1492 1619 fiat,
1531 1558 1582 1604 in
1613 1561 1824 1618 utroque

137 1639 271 1687 idem
303 1637 421 1686 anni
443 1640 640 1699 tempus
667 1636 989 1699 significatur.
1029 1637 1161 1686 Huic
1183 1653 1356 1685 rursus
1382 1637 1550 1686 addidi
1573 1638 1633 1685 fr.
1648 1637 1825 1699 XXIX,

140 1734 441 1783 quamquam
479 1718 573 1766 hoe
613 1718 765 1765 etiam
795 1717 1080 1781 fragmento
1112 1717 1395 1766 XXXXVII
1426 1718 1584 1780 possit
1614 1718 1825 1781 adnecti,

145 1801 274 1849 sicut
305 1800 590 1862 fragmento
615 1797 836 1847 XXVIII
858 1799 1196 1862 fragmentum
1219 1799 1276 1848 L.
1323 1799 1492 1847 Etiam
1515 1799 1824 1848 dubitantius

142 1879 375 1930 coniunxi
412 1880 471 1927 fr.
512 1879 651 1927 XXX
690 1882 742 1929 et
779 1879 957 1942 XXXI,
996 1881 1075 1929 cui
1112 1895 1288 1928 rursus
1325 1880 1384 1927 fr.
1417 1879 1606 1927 XXXII
1645 1879 1825 1939 addidi,

141 1977 204 2010 ne
242 1961 452 2026 κίθαρος
499 1963 551 2008 et
586 1966 750 2024 ψῆττα
795 1961 956 2022 pisces
1003 1960 1243 2008 simillimi
1289 1959 1654 2007 dirimerentur.
1730 1959 1826 2007 Hic

141 2058 339 2106 quoque
381 2042 561 2103 evenit,
600 2045 659 2090 ut
695 2041 756 2089 fr.
794 2040 936 2088 XXX
976 2043 1028 2088 et
1057 2040 1245 2088 XXXII
1284 2041 1505 2088 eiusdem
1544 2041 1659 2088 anni
1698 2043 1822 2088 tem-

138 2123 298 2185 porie,
337 2122 566 2183 aestatis,
616 2121 868 2170 mentione
907 2121 1269 2170 contineantur.
1343 2120 1534 2169 Eadem
1573 2121 1634 2168 de
1673 2135 1825 2169 eausa

139 2205 425 2266 fragmento
465 2201 656 2250 XXXII
694 2201 910 2250 adnexui
945 2202 1006 2249 fr.
1044 2199 1276 2248 XXXIII.

252 2284 344 2332 His
384 2285 445 2332 de
483 2283 882 2345 fragmentorum
920 2280 1283 2330 consociatione
1313 2280 1599 2342 praemissis
1628 2279 1730 2328 iam
1762 2281 1823 2328 de

142 2354 379 2414 universa
414 2363 624 2427 piscium
665 2361 883 2425 catalogi
914 2361 1239 2423 dispositione
1270 2376 1301 2409 a
1331 2376 1410 2409 me
1441 2361 1676 2409 instituta
1704 2375 1824 2422 pau-

143 2446 360 2495 eioribus
398 2445 563 2494 verbis
602 2443 791 2507 poterit
829 2443 1035 2492 absolvi.
1110 2441 1240 2490 Nam
1286 2444 1344 2490 ut
1388 2441 1607 2503 aliquem
1645 2442 1823 2492 saltem

261 2610 306 2665 1)
347 2607 415 2652 Cf.
453 2604 679 2651 Herodot.
710 2604 754 2648 Π
783 2609 862 2661 93,
909 2603 991 2660 qui
1027 2601 1206 2660 passim
1245 2598 1458 2658 ἐκπλώω,
1495 2601 1724 2646 &vantem
1763 2600 1822 2646 de

139 2672 350 2732 piscibus
380 2671 702 2730 Aegyptiacis.

259 2742 306 2797 2)
353 2739 512 2784 Possis
550 2738 753 2782 fortasse
795 2731 1113 2781 ἐκπλεύσαντα
1157 2733 1457 2794 interpretari
1503 2730 1822 2778 accusativum

139 2804 392 2850 masculini
421 2803 607 2863 generis
638 2801 935 2847 referendum
965 2800 1028 2844 ad
1058 2800 1451 2858 significationem
1481 2798 1643 2855 amici,
1682 2798 1764 2855 qui
1795 2812 1821 2843 e

140 2871 390 2929 Bosporo
374 2885 427 2916 m
440 2871 645 2916 Pontum
659 2868 893 2913 Euxinum
908 2869 1097 2912 evectus
1112 2866 1222 2912 illos
1237 2866 1390 2925 pisces
1406 2878 1574 2923 capere
1588 2865 1822 2910 iubeatur.

263 2943 308 2996 3)
340 2937 408 2983 Cf.
438 2935 753 2982 Ribbeckium
783 2935 901 2980 Mus.
933 2933 1080 2980 Rhen.
1113 2932 1180 2977 IX
1211 2936 1324 2978 1867
1355 2947 1400 2990 p.
1426 2937 1528 2978 221.
