2038 3140
153 113 421 149 HOMERICA
833 126 895 132 —
977 95 1010 147 3
1093 126 1152 131 —

154 231 284 279 desit
309 231 372 279 ad
395 246 575 279 nexum
600 233 688 279 aut
710 247 1031 296 progressum
1053 232 1372 295 narrationis,
1396 233 1565 278 tamen
1582 230 1693 278 aliis
1719 231 1837 278 locis

155 326 355 360 carmen
378 311 452 359 ita
475 314 805 360 retractatum
830 316 906 361 est
932 312 1182 374 variisque
1208 312 1629 375 interpolatorum
1644 310 1839 358 lusibus

151 408 306 455 paene
342 392 592 455 obrutum,
624 396 682 441 ut
711 410 1087 457 nonnumquam
1117 410 1243 456 quae
1268 396 1418 455 poeta
1442 393 1547 455 ipse
1574 392 1841 454 scripserat

151 474 298 535 plane
331 473 615 522 interierint
649 476 854 537 expulsa
884 475 1051 525 verbis
1083 475 1185 522 illis
1220 475 1419 536 spuriis,
1460 473 1640 536 quibus
1671 475 1840 520 tamen

151 554 215 601 ad
260 556 485 602 tenorem
533 554 734 603 fabulae
785 570 952 603 carere
994 571 1094 604 non
1131 556 1308 619 possis.
1386 555 1552 618 Atque
1591 553 1838 616 prioribus

150 634 250 682 illis
276 634 414 697 locis,
438 635 525 683 ubi
542 635 764 684 eicienda
786 637 1133 686 tantummodo
1154 652 1258 685 esse
1275 636 1492 686 insiticia
1515 635 1638 682 mihi
1663 635 1838 685 aliisve

149 715 259 763 visa
303 719 440 777 sunt,
496 732 555 765 ea
600 717 678 765 his
723 715 779 779 []
830 717 1060 765 cancellis
1101 718 1488 780 circumscripsi3
1535 718 1586 764 in
1630 717 1838 764 alterius

149 797 346 859 generis
394 798 517 846 locis
565 799 868 847 recentiores
918 798 1086 846 variae
1128 813 1272 860 saepe
1314 798 1520 862 originis
1561 797 1838 859 particulas

149 878 229 926 vel
269 879 330 926 ab
373 879 593 942 antiquis
633 880 716 929 vel
755 880 887 928 inter
926 895 977 928 se
1018 879 1236 928 disiunxi
1274 879 1351 927 his
1391 879 1550 927 hastis
1595 871 1722 945 {···}
1765 878 1838 925 in-

151 959 376 1024 cludens,
424 959 729 1024 quamquam
765 962 819 1009 in
857 964 964 1009 tam
1004 962 1240 1022 corrupta
1279 961 1511 1008 carminis
1553 959 1839 1008 condicione

148 1056 210 1088 ne
244 1041 314 1089 sic
346 1041 547 1103 quidem
579 1058 748 1091 omnes
780 1057 908 1105 quae
933 1042 1361 1090 subnascebantur
1386 1042 1691 1103 suspiciones
1717 1041 1839 1089 satis

150 1121 422 1185 significari
473 1125 760 1185 potuerunt.
853 1123 1084 1186 Apposui
1136 1125 1399 1185 praeterea
1445 1122 1652 1171 Homeri
1705 1123 1838 1170 locos

152 1203 361 1265 similes,
410 1203 494 1265 qui
539 1203 841 1268 ubicumque
881 1203 1054 1253 eadem
1093 1219 1193 1266 qua
1234 1204 1286 1252 in
1325 1203 1510 1267 epyllio
1552 1203 1667 1252 sede
1708 1205 1838 1262 sunt,

151 1283 446 1332 asteriscum
485 1284 739 1346 adscripsi.

260 1365 536 1413 Auctorem
576 1365 747 1427 epyllii
785 1366 982 1427 ludicri,
1030 1365 1163 1428 quod
1211 1366 1378 1415 divino
1426 1367 1575 1427 poeta
1619 1381 1718 1412 non
1765 1365 1838 1411 in-

150 1444 357 1507 dignum
395 1445 743 1494 iudicaverunt
788 1449 848 1494 ut
887 1446 1076 1495 Statius
1118 1449 1167 1494 et
1206 1446 1473 1506 Martialis,
1519 1446 1594 1493 ita
1632 1445 1839 1493 Homeri

148 1524 451 1588 Apotheosis
485 1526 720 1587 sculptor,
751 1526 1008 1589 Pigretem
1042 1542 1151 1576 esse
1181 1525 1359 1575 Carem
1383 1526 1840 1588 Halicarnasseum,

147 1607 354 1656 fratrem
393 1606 695 1656 Artemisiae
736 1623 863 1670 quae
902 1623 1075 1671 pugna
1114 1607 1387 1656 Salaminia
1431 1608 1688 1671 inclaruit,
1735 1623 1837 1655 non

150 1689 312 1737 solum
350 1704 380 1736 a
410 1688 784 1738 Ps.-Plutarcho
825 1681 911 1756 (de
941 1688 1146 1751 malign.
1177 1687 1360 1737 Herod.
1394 1705 1432 1738 c.
1466 1681 1560 1754 43)
1602 1690 1653 1737 et
1686 1687 1839 1735 Suida

150 1762 213 1836 (s.
259 1786 307 1818 v.
353 1763 580 1836 Πίγρης)
634 1770 878 1831 traditur,
943 1770 1031 1818 sed
1085 1769 1236 1817 etiam
1291 1769 1439 1817 multi
1492 1769 1682 1818 codices
1738 1768 1837 1830 ipsi

147 1844 468 1918 testantur.¹)
537 1851 704 1914 Atque
741 1867 862 1899 num
899 1866 1016 1900 vere
1059 1849 1146 1898 ille
1185 1849 1418 1898 carminis
1459 1852 1634 1898 auctor
1670 1849 1839 1911 fuerit,

147 1947 420 1994 numquam
457 1932 674 1981 fortasse
711 1931 899 1994 poterit
938 1931 1061 1979 satis
1110 1931 1378 1994 explorari3
1426 1931 1485 1979 de
1535 1931 1838 1993 antiquitate

150 2016 282 2062 certe
322 2013 499 2076 epyllii
537 2014 740 2062 tandem
781 2012 1047 2075 aliquando
1089 2012 1318 2060 dubitare
1350 2011 1594 2074 desinant,
1634 2028 1748 2061 cum
1780 2027 1839 2060 ex

149 2096 295 2142 tanta
339 2094 476 2143 illius
523 2094 860 2156 corruptione,
911 2094 965 2142 in
1010 2108 1108 2156 quo
1154 2109 1218 2142 ne
1263 2108 1396 2142 nunc
1434 2093 1634 2155 quidem
1673 2092 1840 2141 omnia

150 2174 339 2237 ingenii
375 2174 566 2222 lumina
602 2173 894 2223 oblitterata
931 2175 1062 2234 sunt,
1099 2174 1241 2222 nulla
1272 2173 1475 2221 serioris
1516 2173 1722 2236 originis
1762 2188 1839 2220 ar-

151 2257 392 2318 gumenta
429 2254 646 2304 derivari
681 2254 887 2316 possint.

271 2405 316 2462 1)
346 2403 491 2448 Velut
512 2403 563 2447 in
578 2403 759 2447 Veneto
774 2401 1014 2446 Marciano
1033 2406 1118 2446 613
1137 2416 1165 2446 a
1180 2401 1453 2446 Ludwichio
1478 2401 1606 2446 edito
1625 2400 1768 2446 schol.
1787 2415 1834 2446 a:

152 2470 271 2528 ἀρχὴ
296 2476 376 2527 τῆς
393 2469 877 2529 μυοβατραχομαχίας,
903 2483 1129 2526 superscr.
1148 2467 1287 2524 αὕτη
1313 2466 1372 2513 δὲ
1399 2465 1552 2513 ἐστὶν
1575 2468 1838 2525 τίγρητος

150 2544 248 2582 τοῦ
287 2535 474 2594 καρός.
539 2534 615 2579 Sic
648 2534 773 2579 enim
803 2537 862 2578 τί
867 2551 1032 2593 γρητος
1068 2535 1118 2579 in
1149 2533 1385 2580 communi
1422 2534 1553 2578 fonte
1590 2532 1737 2578 fuisse
1772 2533 1835 2577 vi-

152 2603 309 2659 detur,
348 2602 472 2647 unde
513 2600 656 2646 etiam
692 2600 908 2645 Tzetzem
944 2600 1087 2658 Exeg.
1126 2600 1177 2644 in
1206 2601 1260 2647 Il.
1298 2616 1345 2658 p.
1377 2606 1456 2656 37,
1497 2606 1522 2644 3
1561 2599 1718 2645 Herm.
1751 2612 1838 2643 sua

150 2669 365 2714 hausisse
389 2667 554 2713 eadem
577 2666 845 2724 corruptela
867 2665 1179 2722 demonstrat;
1204 2666 1262 2711 cf.
1278 2665 1688 2710 Wachsmuthium
1715 2665 1834 2710 Mus.

151 2735 239 2780 Rh.
256 2734 343 2778 XX
363 2749 409 2792 p.
431 2739 530 2780 176.
576 2732 755 2776 Acerbe
777 2731 1110 2790 perstringitur
1126 2733 1315 2779 Tzetzes
1341 2732 1400 2776 ab
1426 2730 1636 2776 eiusdem
1660 2730 1836 2776 codicis

152 2800 411 2846 scholiasta
436 2799 469 2844 b
501 2799 562 2844 ad
591 2814 633 2845 v.
660 2803 730 2844 72.
