2038 3140
861 165 922 171 —
1008 134 1109 186 176
1192 163 1254 171 -
1390 151 1672 186 ARCHEs'rR.
1706 154 1893 186 HEDYP.

325 271 415 318 XV
454 265 521 320 V.
553 266 604 319 l.
645 270 913 318 Ambracia
938 263 1150 336 (terram
1172 270 1282 317 vult
1305 269 1532 332 intellegi
1563 286 1661 318 non
1693 263 1893 336 urbem)

213 352 424 401 finitima
464 356 542 401 est
581 351 821 414 Acheloo,
866 351 919 398 in
963 365 1059 412 quo
1108 366 1253 412 apros
1300 350 1460 412 pisces
1505 351 1658 399 fuisse
1698 354 1897 412 praeter

214 433 599 481 Archestratum
638 432 781 480 testis
823 434 899 480 est
937 431 1237 479 Aristoteles
1269 431 1329 480 A.
1353 431 1415 480 H.
1440 432 1512 479 IV
1547 434 1600 480 9:
1642 427 1667 480 5
1710 431 1896 495 κάπρος

214 508 239 561 5
290 510 342 560 ἐν
387 515 452 581 τῷ
495 507 697 582 Ἀχελόω
754 505 908 588 (unde
964 511 1147 572 pendet
1196 512 1387 561 Plinius
1434 513 1495 562 N.
1536 514 1597 562 Η.
1638 513 1708 560 ΧΙ
1751 506 1895 578 267).

214 563 438 641 Philem5
479 610 673 656 quoque
713 609 790 655 ap.
822 593 939 640 Ath.
972 592 1071 640 VII
1104 593 1245 642 288f
1280 588 1355 657 (ΙΙ
1389 594 1495 642 500
1528 588 1693 660 Kock)
1733 610 1778 643 v.
1805 595 1896 642 20:

214 670 245 736 ἢ
280 669 324 732 ’ξ
350 670 565 739 ’Ἀργους
602 674 813 739 κάπρον,
851 674 1086 722 nimirum
1119 690 1178 722 ex
1199 674 1337 738 Argo
1362 673 1725 737 Amphilochio,
1766 675 1898 737 quod

213 757 313 804 iam
361 772 390 804 a
428 755 618 804 Kockio
667 756 760 803 1.1.
802 754 947 803 video
995 755 1328 804 observatum.
1412 750 1479 805 V.
1521 750 1554 804 2
1602 755 1896 819 παράλειπε

214 837 413 899 scripsi,
469 853 581 884 cum
627 852 726 885 non
772 836 933 898 possit
978 835 1311 885 καταλείπειν
1357 852 1484 898 quae
1530 837 1639 899 quis
1678 837 1897 885 nondum

212 917 388 981 habet,
437 920 698 979 praeterea
745 917 926 965 collato
965 917 1026 964 fr.
1065 915 1162 964 XII
1205 921 1249 965 1.
1327 917 1637 980 Praepositio
1677 917 1798 966 κατά
1839 934 1897 966 ex

213 1015 256 1047 v.
299 1014 372 1060 sq.
425 997 737 1066 καταπνεύσῃ
791 999 932 1046 illata
988 1000 1076 1046 est.
1131 991 1238 1048 ‘V.
1281 993 1315 1046 3
1342 1014 1412 1060 sq.
1465 1000 1615 1061 poeta
1668 999 1897 1046 imitatur

214 1078 727 1140 Pseudophiloxenum
765 1079 895 1140 apud
927 1079 1189 1127 Platonem
1229 1072 1340 1143 (cfr.
1374 1095 1525 1140 supra
1554 1096 1600 1140 p.
1638 1072 1788 1144 125):
1829 1078 1895 1142 μή

214 1172 291 1207 σοι
344 1155 534 1221 νέμεσις
587 1157 775 1208 θεόθεν
829 1159 1167 1228 καταπνεύσῃ,
1227 1160 1311 1207 ille
1367 1162 1536 1208 autem
1589 1160 1897 1222 Aeschylum

212 1240 392 1302 Agam.
434 1241 562 1289 105:
611 1237 678 1287 ἔτι
716 1238 807 1305 γὰρ
846 1239 1069 1289 θεόθεν
1108 1239 1450 1289 καταπνείει
1488 1238 1647 1289 πειθὼ
1688 1243 1894 1304 μολπᾶν.

213 1313 282 1370 V.
325 1315 382 1369 4.
424 1320 666 1370 Similiter
704 1321 1007 1383 Hermippus
1049 1339 1124 1384 ap.
1157 1322 1275 1370 Ath.
1306 1321 1332 1369 I
1366 1323 1470 1370 29e
1512 1315 1560 1388 (I
1594 1323 1697 1371 249
1733 1316 1894 1388 Kock)

214 1403 273 1450 de
313 1401 426 1450 vino
467 1402 599 1464 quod
639 1400 851 1465 σαπρίαν
889 1403 1136 1452 vocabant
1167 1403 1415 1451 disserens
1446 1401 1654 1450 Homeri
1684 1402 1895 1466 vestigia

212 1485 412 1545 pressit,
451 1499 600 1544 quem
637 1482 802 1530 locum
842 1483 910 1532 sic
947 1484 1069 1531 mihi
1107 1484 1279 1533 videor
1315 1483 1603 1531 restituere:

361 1560 487 1626 ὀδμὴ
527 1563 764 1626 θεσπεσίη
803 1562 924 1612 κατὰ
962 1571 1063 1612 πᾶν
1101 1562 1195 1627 ἔχει
1232 1560 1479 1628 ὑψερεφὲς
1518 1563 1612 1626 δῶ,

361 1642 605 1708 ἀμβροσία
642 1642 725 1692 καὶ
763 1642 935 1709 νέκταρ
974 1639 1121 1707 ὁμοῦ·
1163 1639 1291 1693 τοῦτ’
1329 1641 1455 1692 ἐστὶν
1495 1641 1724 1707 ὄνειαρ,

360 1724 536 1774 τούτου
577 1722 665 1789 χρὴ
705 1723 932 1790 παρέχειν
969 1725 1131 1774 πίνειν
1169 1723 1224 1774 ἐν
1264 1723 1390 1774 δαιτὶ
1427 1725 1602 1793 θαλείῃ

360 1809 516 1854 τοῖσιν
555 1803 711 1868 ἐμοῖσι
750 1806 938 1870 φίλοις,
976 1810 1077 1865 τοῖς
1116 1802 1159 1855 δ’
1196 1804 1392 1870 ἐχθροῖς
1430 1804 1483 1854 ἐκ
1521 1804 1850 1870 Πεπαρήθου.

215 1884 309 1948 [At
330 1902 458 1935 nunc
481 1886 625 1935 video
650 1887 751 1934 iam
774 1887 1019 1935 Kockium
1040 1887 1278 1948 praeiisse
1303 1882 1467 1950 ὄνειαρ
1491 1902 1580 1948 pro
1604 1883 1656 1934 τὸ
1681 1882 1889 1951 νέκταρ]

212 1961 282 2016 V.
323 1961 358 2014 5
393 1983 495 2029 sqq.
536 1982 706 2015 omnes
745 1967 906 2016 adhuc
943 1969 1200 2016 torserunt
1237 1966 1559 2029 interpretes,
1607 1967 1691 2029 qui
1732 1966 1892 2016 diver-

216 2047 436 2096 sissimas
468 2048 520 2095 in
551 2051 721 2110 partes
747 2047 990 2096 abierunt.
1055 2046 1347 2096 Casaubono
1371 2050 1521 2109 poeta
1543 2063 1729 2110 negare
1760 2048 1891 2098 vide-

212 2129 362 2177 batur
401 2143 578 2190 aprum
618 2143 648 2176 a
686 2143 936 2190 quoquam
974 2129 1252 2191 comparari
1282 2143 1427 2191 posse
1458 2128 1556 2176 nisi
1588 2144 1618 2176 a
1640 2129 1892 2191 trapezitis

214 2209 300 2272 qui
353 2209 554 2258 calculis
609 2225 838 2258 nummos
887 2210 1255 2272 computarent3
1311 2223 1437 2271 quae
1485 2208 1746 2270 explicatio
1793 2224 1893 2258 non

213 2290 374 2354 magis
427 2292 603 2352 poetae
657 2289 823 2339 verbis
879 2289 1065 2339 sufficit
1117 2305 1267 2351 quam
1321 2288 1503 2351 Toupii
1556 2289 1744 2352 opinio,
1806 2290 1894 2352 qui

212 2367 418 2418 πλεκτὸν
447 2368 656 2433 ὕφασμα
693 2385 870 2418 urnam
899 2369 1180 2418 iudicialem
1211 2385 1322 2419 esse
1353 2369 1473 2418 dicit
1495 2369 1892 2434 Atheniensium,

213 2450 353 2499 cuius
393 2465 447 2498 os
487 2450 715 2518 σχοινίνῳ
752 2447 904 2519 ἠθμῷ
936 2443 1266 2516 (Hesychius)
1298 2450 1401 2500 sive
1439 2452 1578 2519 κημῷ
1610 2444 1889 2516 (Aristoph.

213 2531 338 2592 Equ.
381 2525 548 2595 1147)
589 2533 816 2593 opertum
854 2532 1007 2580 fuisse
1048 2533 1256 2581 constat.
1333 2531 1560 2580 Kaibelio
1599 2531 1718 2580 olim
1758 2531 1891 2594 apud

213 2611 540 2660 Ribbeckium
571 2611 859 2673 piscationis
891 2611 1156 2673 descriptio
1188 2612 1266 2660 his
1297 2611 1350 2660 in
1378 2611 1543 2660 verbis
1573 2611 1736 2660 inesse
1758 2611 1890 2661 vide·

212 2691 386 2755 batur,
439 2707 569 2740 nunc
613 2691 862 2741 Athenaei
908 2691 1069 2740 editor
1115 2692 1451 2756 adstipulatur
1495 2691 1889 2756 WilamowitziO,

215 2772 301 2834 qui
338 2773 583 2822 aleatores
614 2775 762 2835 putat
792 2772 1061 2836 significari
1099 2774 1390 2823 fritillum
1427 2767 1495 2838 (v.
1522 2766 1614 2837 20)
1647 2774 1698 2821 et
1728 2776 1887 2822 astra·

213 2853 354 2914 galos
394 2846 460 2918 (v.
496 2847 591 2919 23)
631 2854 860 2903 manibus
892 2856 1203 2917 quassantes,
1243 2853 1396 2902 adicit
1426 2868 1541 2902 vero
1572 2867 1670 2902 non
1699 2856 1888 2919 patere,

218 2932 519 2982 aleatoribus
545 2949 632 2983 cur
655 2934 773 2983 solis
798 2950 944 2996 capro
968 2933 1103 2983 vesci
1123 2934 1332 2982 licuerit.
1373 2932 1500 2982 Sane
1516 2932 1886 2982 delicatioribus
