2038 3140
117 110 476 145 FRAGMENTVM
709 86 715 90 ¹
784 121 845 128 —
925 92 997 145 43
1080 123 1142 129 —

117 221 309 291 ελῆμμ’
347 221 599 275 ἀνέπεισε
638 221 872 291 γέροντα
909 220 999 275 καὶ
1041 223 1143 276 οὐκ
1183 220 1433 277 ἐθέλοντ’
1469 222 1743 292 ἀναβῆναι

115 309 205 363 καὶ
246 310 465 377 σπάνις,
505 310 538 378 ἣ
578 313 820 374 πολλοὺς
860 312 1082 364 Θασίων
1124 312 1200 374 είς
1241 311 1447 365 ὁλκάδα
1486 312 1675 380 βάλλει

115 398 401 466 εὐκούρων
440 400 752 468 βδελυρῶν,
794 400 1079 452 ὀλλύντων
1117 396 1165 451 τ’
1203 399 1525 470 ὀλλυμένων
1563 419 1621 453 τε

115 486 363 555 ἀνδρῶν,
406 489 464 539 οἳ
497 494 604 539 νῦν
644 492 792 540 κεῖθι
831 497 1009 550 κακῶς
1047 489 1186 540 κακὰ
1226 487 1613 561 ῥαψῳδοῦσιν·

29 591 84 630 10
120 566 203 636 οἷς
239 572 331 626 καὶ
371 573 477 642 ἐγὼ
519 577 695 627 σίτοιο
736 574 875 644 μέγα
914 574 1130 645 χρῄζων
1169 574 1423 645 ἐπίθησα.

114 657 282 724 αὖθις
323 657 373 715 δ’
412 663 514 716 οὐκ
554 661 642 716 ἐπὶ
679 662 876 733 κέρδος
915 663 1232 733 άπείσομαι,
1274 666 1350 727 εἰς
1391 666 1632 728 Θασίους
1670 661 1803 733 <δὲ>

115 747 290 818 μηδὲν
328 754 623 820 πημαίνων
662 752 865 805 κλυτὸν
905 752 1154 822 ἄργυρον
1193 752 1524 821 ἐγγυαλίξω,

114 839 188 905 μή
226 841 307 901 τίς
346 858 439 908 μοι
478 842 614 894 κατὰ
654 836 810 894 οἷκον
845 836 1150 909 Ἀχαϊάδων
1188 843 1488 911 νεμεσήσῃ,

661 985 862 1019 HOMERI
899 985 1021 1018 LOCI
1059 983 1259 1018 SIMILES

234 1055 259 1095 6
294 1051 410 1101 Ζεὺς
442 1046 522 1107 ἐμέ
554 1049 598 1108 γ’
626 1050 798 1109 ἠνώγει
830 1048 959 1107 δεῦρ’
989 1046 1188 1107 ἐλθέμεν
1221 1051 1306 1095 οὐκ
1339 1047 1567 1095 ἐθέλοντα
1598 1068 1619 1097 ε
1647 1057 1702 1097 99

294 1115 500 1172 πέμψειν
534 1115 600 1167 εἰς
627 1113 776 1161 Ἀίδαο
809 1116 889 1161 καὶ
921 1117 1006 1161 οὐκ
1039 1113 1269 1161 ἐθέλοντα
1298 1115 1495 1162 νέεσθαι
1530 1121 1569 1162 Φ
1591 1123 1648 1163 48

233 1187 257 1227 7
301 1181 366 1233 εἰς
398 1182 488 1226 ἅλα
521 1181 711 1241 βάλλει*
742 1186 782 1225 Λ
807 1187 893 1227 495

141 1253 168 1291 8
189 1262 254 1303 sq.
291 1246 413 1292 ἔνθα
446 1246 491 1291 δ’
521 1246 602 1304 ἅμ’
632 1246 806 1304 οἰμωγή
838 1265 886 1293 τε
919 1247 999 1292 καὶ
1032 1248 1206 1306 εὐχωλὴ
1238 1247 1377 1293 πέλεν
1409 1250 1597 1306 ἀνδρῶν

291 1313 521 1356 ὀλλύντων
552 1329 600 1356 τε
634 1313 714 1356 καὶ
740 1313 1001 1370 ὀλλυμένων
1033 1319 1075 1357 Δ
1099 1319 1185 1358 450
1205 1330 1269 1371 sq.

293 1378 512 1429 ὀλλύντας
543 1377 586 1421 τ’
615 1378 894 1435 ὀλλυμένους
925 1381 1008 1424 τε*
1039 1384 1079 1423 Λ
1103 1386 1158 1425 83

234 1451 259 1489 9
292 1444 436 1495 κακὸς
467 1445 615 1488 κακὸν
647 1443 899 1501 ἡγηλάζει*
933 1463 957 1502 ρ
984 1450 1069 1490 217

204 1516 260 1555 10
291 1517 383 1555 τῶν
402 1511 457 1554 σὺ
474 1510 672 1567 μάλιστα
695 1512 700 1569 Ι
721 1513 940 1568 χρηίζεις·
969 1516 1095 1556 σῖτον
1112 1510 1164 1556 δὲ
1182 1511 1262 1556 καὶ
1281 1510 1468 1566 αἰτίζων
1486 1513 1607 1557 κατὰ
1624 1515 1774 1570 δῆμον
1796 1515 1800 1571 1

289 1574 491 1634 γαστέρα
524 1577 768 1636 βοσκήσεις
800 1595 826 1634 ρ
854 1582 939 1622 557
959 1591 1056 1633 sqq.
1150 1578 1396 1634 πιθήσας*
1430 1582 1464 1622 Ζ
1491 1584 1573 1624 183
1594 1579 1652 1624 al.

115 1649 165 1688 11
189 1658 254 1700 sq.
289 1641 606 1700 φρασσόμεθ’,
638 1642 735 1688 ὅττι
766 1659 818 1688 κε
851 1642 1017 1700 κέρδος
1042 1642 1288 1702 Ὀλύμπιος
1319 1642 1564 1704 ἐγγυαλίξῃ
1596 1655 1634 1703 ψ
1662 1651 1747 1691 140

293 1709 460 1753 κλυτὸν
484 1707 638 1767 ’Άργος
671 1713 714 1753 Ω,
739 1715 824 1754 437

293 1773 395 1819 τότε
429 1773 478 1819 οἴ
505 1775 674 1833 κράτος
706 1773 993 1833 ἐγγυαλίξω*
1025 1780 1065 1820 Λ
1092 1781 1174 1821 192

208 1848 261 1888 13
295 1842 357 1900 μή
388 1844 456 1894 τίς
487 1859 565 1900 μοι
597 1842 718 1887 κατὰ
750 1845 900 1900 δῆμον
926 1841 1180 1900 Ἀχαϊάδων
1211 1842 1441 1902 νεμεσήσῃ
1475 1844 1503 1901 β
1530 1848 1611 1889 101

291 1908 350 1952 τά
382 1925 461 1965 μοι
492 1909 613 1954 κατὰ
645 1907 815 1954 οἶκον*
846 1925 872 1952 τ
899 1913 952 1952 18

676 2033 931 2068 VARIE'I'AS
972 2032 1243 2067 LECTIONIS

236 2105 262 2144 6
302 2098 446 2156 μνῆμ’
490 2099 558 2155 Α,
605 2097 746 2156 λῆμμ’
790 2099 978 2155 Iacobs,
1026 2097 1132 2157 λῆμ’
1174 2098 1392 2144 Meineke
1522 2103 1548 2143 8
1581 2097 1810 2155 οἰκουρῶν

114 2165 330 2210 Meineke
452 2169 479 2208 9
511 2163 557 2208 οἳ
587 2164 668 2208 καὶ
698 2171 786 2209 νῦν
818 2167 925 2209 κνθι
955 2166 1002 2209 Α.
1110 2169 1165 2208 10
1197 2162 1266 2216 οἷς
1296 2163 1378 2208 καὶ
1409 2160 1497 2220 ἐγὼ
1522 2163 1639 2221 μετὰ
1661 2169 1810 2208 τοῖσιν

116 2232 174 2276 τὰ
192 2232 389 2289 χρηίζων
408 2226 645 2288 έποιθησα
661 2230 721 2285 Α,
755 2225 964 2287 ἐπίθησα
983 2231 1049 2285 Ρ;
1083 2232 1227 2275 σίτοιο
1245 2228 1438 2289 (βιότοιο
1456 2229 1810 2288 Stadtmueller)

117 2299 237 2356 μέγα
266 2297 446 2355 χρῄζων
479 2295 613 2340 dedi:
647 2294 708 2348 ὣς
738 2296 820 2341 καὶ
851 2293 939 2354 ἐγὼ
972 2297 1087 2355 μετὰ
1118 2301 1215 2348 τοῖς
1245 2298 1373 2341 σίτου
1406 2295 1583 2354 χρῄζων
1612 2293 1810 2353 ἐποίησα

116 2364 304 2419 IacobS,
350 2377 440 2419 quo
479 2364 735 2419 praeeunte
766 2362 983 2423 Meineke
1014 2361 1217 2408 coniecit
1247 2360 1316 2414 οἷς
1346 2362 1426 2406 καὶ
1460 2359 1547 2419 ἐγὼ
1589 2361 1707 2420 μέγα
1738 2379 1809 2407 τοι

117 2433 247 2475 σίτου
265 2429 444 2487 χρῄζων
463 2425 692 2485 ἔπὺθησας
720 2426 786 2480 εἷς
807 2424 890 2474 καὶ
916 2426 1004 2487 ἐγὼ
1031 2429 1146 2486 μετὰ
1168 2433 1266 2480 τοῖς
1290 2430 1367 2473 ἴσα
1391 2431 1588 2486 χρηίζων
1607 2425 1811 2486 ἐπέρησα

119 2497 360 2542 Hermann
400 2494 527 2552 apud
556 2494 866 2551 Meinekium;
914 2494 975 2547 ὣς
1005 2495 1087 2540 καὶ
1117 2492 1208 2554 ἐγὼ
1238 2493 1439 2552 πέλαγος
1470 2496 1599 2540 σίτου
1630 2495 1810 2552 χρῄζων

117 2561 326 2619 ἐπέρησα
357 2560 696 2606 Stadtmueller
786 2566 840 2606 11
866 2563 1122 2620 ἀποίσομαι
1146 2562 1208 2617 Α,
1240 2560 1442 2606 correxit
1462 2561 1534 2606 ed.
1550 2575 1642 2617 pr.;
1667 2557 1813 2612 αὖθις

117 2627 166 2674 δ’
190 2629 275 2673 οὐκ
301 2625 370 2672 ἔτι
393 2625 559 2684 κέρδος
582 2627 830 2684 ἀπώσομαι
851 2628 1092 2672 Hermann
1143 2623 1534 2686 θασίουςίμηθὶν
1549 2626 1610 2681 Δ,
1634 2623 1687 2670 δὲ
1713 2624 1810 2670 edi—

117 2696 244 2739 tores
263 2693 549 2738 addiderunt
564 2695 619 2738 ut
634 2691 835 2750 videtur,
860 2692 1008 2750 μηδὲν
1027 2676 1444 2750 Schweighaeuser
1502 2692 1564 2743 ὡς
1582 2692 1812 2747 Θασίοισι,

119 2758 268 2818 μηδὲν
315 2759 542 2816 (fortasse
583 2757 790 2817 μηδένα)
834 2761 1104 2818 πημαίνων,
1151 2763 1220 2804 uz.
1261 2758 1305 2804 ἅ.
1338 2757 1435 2816 ἐγγ.
1476 2757 1813 2803 Stadtmueller

118 2829 302 2872 Κλυτοῖ
322 2825 560 2871 Hermann
681 2830 735 2871 12
770 2820 1051 2882 έγγυαλίξων
1081 2825 1143 2881 A,
1174 2823 1378 2870 correxit
1407 2824 1479 2870 ed.
1503 2838 1573 2882 pr.
1666 2829 1720 2870 13
1752 2823 1811 2869 τὰ

119 2889 226 2936 κατ’
256 2888 388 2936 οἶκον
420 2890 772 2949 Stadtmueller‚
803 2890 926 2936 κατὰ
955 2896 1126 2949 μοῖραν
1157 2904 1244 2948 ego

0 2900 41 3140 ἰ
