2038 3140
129 148 414 182 commum
451 147 685 182 Arrmvm
795 158 856 164 —
940 127 1010 181 85
1091 159 1150 164 —

128 264 228 312 VII
278 265 450 313 277d:
507 263 849 328 χρυσώπιδες
896 262 1066 328 ἰχθύες
1114 260 1303 327 ἕλλοί,
1358 262 1504 325 Soph.
1553 263 1630 312 Ai.
1675 265 1814 312 1297

130 343 322 404 ἑλλοῖς
362 343 575 409 ἰχθύσιν.
643 346 774 395 Nam
811 344 943 408 quod
983 345 1204 407 epitheto
1244 344 1616 394 substantivum
1648 343 1817 408 ἰχθύσι

126 442 226 475 non
258 425 374 475 addi
403 426 484 474 hic
515 426 765 475 offendere
796 442 897 475 non
927 441 1073 488 posse
1107 427 1346 488 sequente
1376 426 1672 487 praesertim
1696 442 1817 475 voce

127 506 297 571 ἰχθύς;
335 522 391 556 ac
429 507 643 555 fortasse
682 523 862 556 nomen
901 504 1034 565 ἐλλός
1071 507 1200 556 sicut
1230 505 1382 569 ἔλλοψ
1415 510 1466 556 et
1497 506 1731 556 adiectivi
1765 511 1818 556 et

127 588 429 646 substantivi
468 588 628 637 vicem
658 585 954 637 obtinuisse.
1018 582 1087 639 V.
1122 583 1219 638 66.
1266 587 1535 650 Coniungit
1574 587 1815 653 κάραβον,

124 665 339 717 ἀστακόν
393 668 662 731 Philyllius
726 685 922 731 quoque
983 684 1062 732 ap.
1115 669 1233 717 Ath.
1288 669 1366 716 III
1421 671 1564 732 86e3
1627 669 1652 717 Ι
1710 671 1811 718 785

124 750 284 812 Kock3
356 750 478 797 item
534 749 657 812 Opp.
721 750 834 798 Hal.
890 750 915 797 Ι
971 752 1072 798 261
1138 749 1356 815 κάραβος
1417 747 1668 815 ὀξυπαγὴς
1729 746 1811 813 ἠδ’

124 828 346 889 ἀστακός.
422 830 727 879 Astacorum
774 834 943 879 crusta
981 846 1094 879 cum
1132 832 1287 880 lorica
1325 834 1670 893 eomparatur,
1717 847 1816 893 qua

126 912 246 960 freti
279 912 628 974 opulentorum
654 905 938 978 (μακάρων)
972 913 1196 962 convivio
1219 928 1318 962 non
1341 912 1535 974 indigni
1559 912 1655 959 sibi
1678 911 1814 960 vide·

123 993 321 1042 bantur.
391 986 460 1042 V.
495 987 593 1042 69.
632 993 787 1054 Elops
826 997 989 1043 rostro
1020 993 1312 1058 longissimo
1345 997 1397 1041 et
1429 995 1574 1042 acuto
1605 992 1816 1055 insignis

123 1076 201 1123 est
245 1074 412 1137 gladio
459 1073 622 1122 simili.
691 1067 762 1124 V.
805 1068 837 1122 7
845 1068 901 1124 3.
955 1074 1071 1122 Non
1119 1075 1386 1123 obsecutus
1425 1068 1546 1140 {sum
1585 1073 1814 1122 Kaibelio

122 1154 451 1217 προκάλυμμα
491 1154 750 1219 scribenti,
799 1158 851 1203 et
889 1155 1006 1217 quia
1043 1153 1275 1218 κάλυμμα
1313 1171 1409 1205 vox
1446 1155 1700 1204 homerica
1739 1158 1817 1203 est

124 1228 202 1300 (Ω
243 1237 326 1296 93,
365 1235 534 1297 hymn.
582 1233 688 1282 Cer.
730 1228 825 1301 42)
867 1238 918 1284 et
958 1236 1090 1298 quod
1128 1235 1457 1284 Philoxenum
1495 1239 1645 1298 poeta
1683 1234 1815 1284 vide·

121 1320 207 1364 tur
253 1317 481 1364 imitatus
530 1331 638 1364 esse
679 1310 780 1381 (ap.
821 1315 940 1364 Ath.
973 1316 1047 1364 IV
1083 1310 1252 1382 147b)
1294 1317 1373 1364 cui
1421 1317 1627 1365 sinodon
1674 1317 1815 1364 audit

123 1397 467 1461 ἰσοτράπεζος.
545 1390 615 1446 V.
660 1390 735 1444 '74
762 1413 831 1460 sq.
901 1398 976 1446 De
1023 1414 1377 1447 muraenarum
1424 1414 1551 1461 quae
1590 1398 1817 1446 feminini

120 1480 319 1527 tantum
367 1493 514 1526 sexus
562 1477 911 1539 credebantur,
961 1494 1072 1527 cum
1120 1479 1435 1540 serpentibus
1483 1480 1616 1527 coitu
1655 1480 1816 1527 multa

120 1561 316 1608 veteres
353 1557 568 1607 fabulati
606 1561 744 1622 sunt3
785 1559 846 1607 cf.
886 1558 1003 1608 Ath.
1044 1558 1143 1607 VH
1183 1559 1345 1619 312d,
1388 1558 1597 1621 Oppian.
1637 1558 1757 1622 Cyn.
1791 1559 1816 1607 I

124 1643 253 1702 381,
301 1639 412 1688 Hal.
460 1639 486 1687 I
533 1639 640 1687 554
666 1655 760 1704 sq.,
807 1639 934 1688 Plin.
974 1639 1047 1687 IX
1086 1637 1119 1701 ἓ
1164 1642 1253 1701 76,
1300 1639 1408 1688 Ael.
1455 1640 1515 1688 A.
1555 1640 1628 1687 H.
1663 1640 1689 1687 I
1729 1642 1815 1701 50,

121 1721 193 1771 IX
235 1723 316 1769 66.
398 1720 710 1782 Scripturam
754 1721 993 1769 traditam
1038 1718 1148 1784 περὶ
1195 1719 1364 1785 δειρήν
1410 1723 1584 1769 contra.
1628 1722 1813 1770 Meine-

122 1803 275 1865 kium,
317 1802 402 1864 qui
441 1801 652 1850 coniecit
690 1798 802 1866 περὶ
831 1800 1018 1866 νειρήν,
1056 1805 1192 1851 recte
1225 1802 1448 1851 defendit
1476 1802 1816 1852 PaessensiuS.

24 1908 26 1910 ·
122 1877 191 1932 V.
235 1877 310 1932 76
335 1898 405 1945 sq.
452 1899 552 1932 non
592 1883 696 1931 sine
737 1882 941 1932 consilio
979 1884 1198 1945 parodus
1236 1884 1392 1933 verba
1428 1887 1566 1932 θεῶν
1603 1881 1815 1948 ἀειγενε-

120 1963 253 2013 τάων
315 1963 523 2013 artificio
586 1964 803 2026 quodam
856 1959 1205 2031 commutavit'²
1268 1967 1328 2013 ut
1386 1964 1565 2014 fierent
1617 1962 1814 2030 ἀειγενῆ

121 2042 437 2094 ἀθανατάων.
521 2044 598 2093 De
651 2045 800 2093 soleis
853 2044 984 2093 enim
1029 2045 1300 2095 Brehmius
1346 2048 1378 2095 1.
1420 2062 1457 2094 s.
1506 2046 1540 2093 l.
1584 2062 1631 2108 p.
1684 2047 1813 2094 199:

121 2121 249 2174 ‘ihre
295 2125 743 2187 Lebenszahigkeit
787 2127 856 2174 ist
902 2126 1019 2174 sehr
1063 2121 1239 2189 gross'.
1324 2126 1434 2183 Qua
1485 2125 1813 2188 explicatione

122 2206 317 2271 gaudeo
354 2205 490 2253 ultro
528 2219 608 2252 me
649 2205 921 2254 occurrisse
952 2203 1182 2255 Kaibelio
1212 2206 1266 2254 in
1297 2206 1513 2255 editione
1545 2220 1637 2254 sua
1667 2219 1815 2267 quae-

119 2288 252 2343 renti
292 2281 483 2350 ‘quidni
519 2289 656 2334 θεῶν
694 2283 1047 2352 ἀειγενετάωνῗ
1087 2284 1281 2352 ἀειγενῆ
1318 2303 1418 2336 non
1447 2281 1657 2336 verum'.
1724 2285 1813 2334 Ce-

120 2371 287 2418 terum
330 2367 452 2416 deae
497 2366 805 2415 immortales
850 2367 1107 2429 aptissime
1152 2369 1518 2432 intelleguntur
1555 2367 1812 2416 Nereides,

123 2447 223 2498 cfr.
264 2448 417 2497 etiam
454 2447 663 2509 Eupolis
714 2447 740 2495 I
780 2449 886 2497 338
933 2447 1094 2497 Kock:
1148 2454 1236 2498 τοῦ
1283 2447 1404 2508 Διὸς
1448 2447 1501 2497 τὸ
1549 2447 1812 2498 σάνδαλον.

120 2523 192 2579 V.
237 2522 307 2577 77
349 2529 515 2578 verbis
554 2523 609 2586 ὃς
647 2525 810 2577 ἔναιεν
847 2529 934 2577 lux
971 2530 1162 2579 affulsit
1200 2546 1258 2578 ex
1294 2530 1531 2579 Meinekii
1567 2530 1812 2592 interpre-

121 2610 312 2659 tatione
337 2605 445 2674 ‘qui
474 2609 685 2658 natabat
713 2608 766 2657 in
788 2605 969 2658 muria'
1008 2605 1266 2676 (similiter
1291 2630 1311 2660 1.
1336 2613 1440 2660 222
1466 2613 1612 2660 ναῖον
1635 2605 1682 2658 δ’
1710 2605 1810 2679 ὅρῳ

122 2688 274 2757 ἄγγεα
295 2686 494 2757 πάντα).
533 2690 688 2739 Ludit
711 2690 843 2739 enim
860 2693 1012 2754 poeta
1034 2692 1366 2754 ambiguitate
1384 2692 1656 2741 verborum
1678 2688 1811 2754 ἅλμη

123 2766 199 2838 (et
237 2766 411 2821 ‘mare'
457 2772 628 2835 hymn.
673 2771 892 2820 XXVIII
934 2774 1026 2835 12,
1073 2773 1125 2821 et
1162 2766 1361 2821 ‘muria'
1402 2768 1430 2820 ὁ
1471 2777 1570 2821 τῶν
1616 2769 1811 2836 ἰχθύων

123 2851 281 2917 ζωμός
303 2846 610 2920 Hesychius)
629 2854 678 2902 et
701 2851 860 2901 ναίειν
877 2845 1171 2919 (‘habitare'
1187 2854 1238 2902 et
1254 2847 1504 2919 ‘nat-ard).
1551 2846 1622 2903 V.
1645 2846 1719 2900 '78
1737 2867 1809 2916 sq.

122 2931 256 2982 Huic
286 2947 483 2996 quoque
512 2933 624 2982 loeo
655 2932 933 2982 Meinekius
963 2932 1176 2983 feliciter
1206 2948 1408 2997 operam
1437 2933 1658 2997 navavit,
1697 2949 1811 2983 cum
