2038 3140
781 123 844 127 ——
930 93 1031 143 11ss
1110 122 1179 127 --—
1413 110 1817 144 ARoHEsTRATvs

135 226 380 289 κιπήσιον.
424 226 428 291 1
472 222 574 275 ἀλλ’
623 226 648 274 ὅ
695 244 746 291 γε
798 222 1210 290 Ἀρχέστρατος
1263 224 1374 290 περὶ
1427 234 1513 276 τοῦ
1560 223 1818 276 Ῥοδιακοῦ

135 312 313 373 γαλεοῦ
339 304 491 371 λέγων
515 311 614 364 τοῖς
639 304 844 370 ἑταίροις
868 316 1110 372 πατρικῶς
1134 326 1237 366 πως
1263 308 1617 372 συμβουλεύων
1643 309 1816 372 φησίνε

134 390 195 437 fr.
236 390 365 437 XXI.
415 388 421 438 Ι
464 387 651 436 τούτων
705 395 800 435 τῶν
857 386 988 437 ἐπῶν
1042 386 1282 452 μνησθεὶς
1336 386 1418 436 καὶ
1463 387 1738 454 Λυγκεὺς
1792 381 1817 437 ὃ

136 469 328 532 Σάμιος
367 467 459 517 mg.
536 470 643 516 Iam
689 469 781 517 hoc
825 470 1157 518 certissimum
1205 472 1280 518 est
1319 469 1698 518 Archestratum
1737 471 1820 517 ho-

135 551 320 597 minem
368 550 534 611 quarti
583 565 622 597 3.
667 548 780 597 Chr.
819 566 866 600 n.
907 551 1094 598 saeculi
1139 567 1199 598 ne
1246 554 1304 598 ut
1352 550 1573 598 Siculum
1620 551 1818 612 quidem

136 632 300 678 dicere
349 631 572 691 potuisse
620 630 679 677 de
730 631 1039 679 mirabilibus
1095 631 1195 679 illis
1243 631 1536 691 honoribus,
1592 633 1676 693 qui
1726 631 1819 678 aci-

135 712 332 773 penseri
363 713 414 758 in
445 712 780 760 Romanorum
815 713 1053 760 conviviis
1085 713 1399 761 habebantur
1430 714 1548 760 tunc
1580 711 1819 774 temporis

134 793 197 840 ab
239 808 298 840 ea
337 793 534 840 luxuria
574 787 1056 857 alienissimorum.¹)
1121 793 1217 841 Sed
1258 794 1300 842 si
1338 795 1468 841 hunc
1506 794 1668 841 locum
1709 809 1820 840 cum

134 874 248 921 aliis
275 873 470 921 duobus
495 889 618 935 quos
644 873 884 922 subiciam
909 875 1289 935 comparaveris,
1320 875 1466 923 facile
1499 875 1616 936 quid
1642 874 1821 922 erroris

137 955 299 1003 subsit
338 955 613 1016 apparebit.

244 1035 533 1084 Athenaeus
583 1035 681 1083 VII
726 1054 771 1098 p.
817 1038 960 1085 3lOe
1008 1039 1272 1098 postquam
1321 1012 1635 1084 Archestrati
1689 1036 1819 1097 quod

134 1119 212 1164 est
261 1116 320 1163 de
369 1131 488 1163 cane
537 1117 794 1164 carchaiia
848 1117 1187 1179 fragmentum
1233 1117 1400 1164 XXIII
1450 1117 1696 1179 laudavit⁷
1753 1117 1821 1164 sio

132 1198 319 1261 pergit:
361 1196 535 1246 τούτου
577 1204 663 1245 τοῦ
705 1196 878 1260 ἰχθύος
917 1194 1061 1260 μέρος
1093 1195 1190 1245 ἐστὶ
1226 1195 1307 1245 καὶ
1341 1192 1366 1246 ὃ
1398 1195 1495 1246 ὑπὸ
1527 1193 1821 1260 Ῥωμαίων

134 1277 439 1341 καλούμενος
485 1278 711 1342 θυρσίων
760 1273 941 1343 (tursio
982 1278 1111 1327 Plin.
1151 1279 1209 1327 N.
1250 1279 1310 1326 H.
1351 1279 1422 1326 IX
1464 1271 1578 1344 34),
1624 1276 1823 1340 ἥδιστος

134 1355 205 1406 ὢν
258 1356 340 1407 καὶ
395 1357 776 1424 τρυφερώτατος.
870 1359 999 1407 Item
1039 1358 1138 1407 VII
1183 1376 1229 1421 p.
1265 1361 1419 1408 330b
1471 1359 1638 1406 adlato
1685 1359 1820 1419 frag-

138 1444 307 1488 mento
347 1440 557 1488 XXXII:
605 1435 875 1503 Ῥωμαΐοι
923 1436 975 1487 δὲ
1012 1443 1218 1489 καλοῦσι
1255 1437 1346 1503 τὴν
1383 1446 1576 1503 ψῆτταν
1616 1437 1821 1503 ῥόμβον,

141 1520 228 1569 καί
263 1519 360 1568 ε’στι
397 1519 450 1569 τὸ
483 1517 640 1583 ὄνομα
669 1516 973 1583 Ἑλληνικόν.
1036 1521 1223 1569 Eadem
1261 1522 1418 1583 igitur
1453 1537 1578 1583 quae
1610 1520 1715 1567 11110
1748 1522 1824 1567 est

138 1603 351 1664 piscium
389 1603 643 1650 nominum
677 1618 965 1664 graecorum
1000 1604 1050 1650 et
1081 1603 1352 1650 latinorum
1383 1602 1705 1664 comparatio,
1746 1601 1822 1648 his

139 1698 337 1746 quoque
384 1683 576 1731 duobus
624 1683 746 1731 locis
787 1683 1002 1732 occurrit
1041 1700 1099 1731 ex
1137 1684 1490 1745 lexicographo
1533 1684 1700 1746 aliquo
1740 1682 1821 1729 de-

133 1765 370 1827 prompta
401 1766 452 1811 et
481 1764 776 1827 fragmentis
801 1763 1173 1812 Archestrateis
1206 1764 1452 1813 adiuncta.
1506 1765 1685 1826 Itaque
1710 1778 1822 1811 oum

133 1844 487 1906 interpretatio
527 1845 618 1892 illa
649 1861 748 1906 qua
777 1845 952 1907 galeus
983 1845 1115 1893 idem
1147 1860 1255 1894 esse
1287 1845 1472 1894 dicitur
1505 1844 1705 1893 Graecis
1739 1845 1824 1906 qui

136 1925 374 1974 Romanis
415 1925 694 1988 acipenser,
748 1926 1132 1988 grammaticum
1177 1926 1420 1985 redoleat,
1470 1941 1571 1973 non
1609 1927 1822 1987 poetam,

140 2007 201 2055 de
240 2006 337 2054 1001
374 2005 473 2053 VH
514 2007 655 2054 2940
694 2006 856 2053 forma
894 2006 986 2054 hoe
1025 2007 1348 2055 statuendum
1387 2007 1476 2067 est,
1515 2009 1632 2068 post
1669 2003 1823 2071 λέγων

138 2087 377 2136 excidisse
417 2086 732 2149 grammatici
770 2102 950 2134 nomen
987 2088 1118 2135 hunc
1156 2087 1261 2135 fere
1300 2088 1351 2134 in
1389 2087 1612 2135 modum:
1663 2081 1822 2150 Ἀρχέ-

139 2182 338 2231 στρατος
378 2163 430 2215 δὲ
469 2162 495 2215 ὁ
537 2165 621 2215 τὸν
653 2165 804 2215 αὐτὸν
834 2166 1242 2234 Σαρδαναπάλλῳ
1276 2165 1422 2230 ζήσας
1453 2167 1566 2232 βίον
1596 2165 1707 2231 περὶ
1737 2173 1824 2216 τοῦ

139 2246 192 2296 ἐν
222 2244 372 2316 Ῥόδῳ
411 2251 590 2313 γαλεοῦ
629 2244 782 2312 λέγων
826 2275 888 2281 -
933 2244 1145 2312 (τοῦτον
1193 2245 1245 2297 δὲ
1292 2243 1318 2298 ὁ
1369 2248 1534 2297 δεῖνα
1579 2245 1702 2312 μὲν>
1741 2246 1826 2296 τὸν

141 2326 292 2377 αὐτὸν
325 2322 452 2377 εἶναι
482 2324 668 2393 ἡγεῖται
695 2325 785 2378 κτὲ.
823 2322 829 2394 Ι
866 2324 967 2377 ἀλλ’
999 2322 1142 2388 οὗτος
1173 2326 1262 2393 μὲν
1287 2327 1456 2394 μικρὸς
1478 2326 1570 2377 κτέ.
1606 2328 1612 2389 Ι
1642 2324 1826 2377 Ἀπίων

140 2404 184 2457 δ’
222 2404 248 2458 ὁ
291 2407 620 2474 γραμματικὸς
657 2406 749 2458 κτὲ.
785 2403 792 2475 Ι
828 2436 895 2443 -
917 2405 1034 2458 ,ἀλλ’
1065 2409 1092 2458 ὅ
1129 2428 1183 2476 γε
1216 2405 1553 2475 Ἀρχέστρατος
1590 2407 1702 2473 περὶ
1738 2414 1824 2458 τοῦ

265 2631 308 2687 1)
345 2629 410 2674 Of.
437 2630 871 2675 schoenemannum
894 2645 939 2687 p.
966 2636 1021 2676 87
1046 2631 1162 2675 11300
1187 2645 1371 2687 quoque
1394 2632 1673 2684 monentem,
1702 2629 1826 2686 frag-

143 2697 358 2739 mentum
387 2695 494 2740 XXI
527 2696 652 2752 quod
692 2698 764 2740 est
802 2696 859 2740 de
891 2696 1026 2753 galeo
1059 2698 1112 2740 ut
1142 2697 1378 2755 integrum
1415 2709 1516 2742 esse
1547 2695 1718 2751 videri,
1757 2695 1827 2739 ita

142 2775 334 2818 prorsus
350 2761 531 2806 nullam
546 2762 863 2808 Romanorum
877 2763 1051 2807 habere
1067 2762 1321 2819 rationem3
1338 2776 1489 2818 neque
1505 2775 1614 2808 vero
1630 2775 1825 2818 usquam

146 2826 502 2871 Archestratum
525 2828 576 2872 in
597 2828 806 2886 piscibus
838 2828 1162 2873 enumerandis
1187 2828 1245 2874 de
1268 2829 1474 2872 moribus
1500 2829 1559 2873 ab
1585 2828 1691 2872 aliis
1716 2842 1825 2885 gen-

144 2891 274 2936 tibus
307 2893 568 2939 observatis
599 2895 745 2952 loqui,
777 2894 828 2938 id
860 2895 984 2952 quod
1015 2895 1179 2953 procul
1209 2894 1335 2939 absit
1365 2893 1424 2937 ab
1455 2892 1583 2939 illius
1616 2894 1824 2939 consilio.
