2038 3140
874 150 936 156 —-
1021 118 1123 172 108
1205 148 1268 155 —
1576 137 1912 173 INCERTORVM

1032 323 1109 375 IX

394 457 766 525 Anonymus
806 459 994 525 poeta
1035 455 1263 508 Galeni
1302 455 1437 507 fere
1478 455 1767 524 aequalis

340 579 526 626 Incerti
579 579 755 639 poetae
812 593 1007 625 carmen
1064 576 1364 624 didacticum
1419 592 1448 623 a
1495 575 1682 625 Galeno
1730 578 1912 639 partim

231 675 381 721 prosa
405 659 627 708 oratione
651 658 917 720 redditum,
940 658 1121 719 partim
1148 658 1378 707 versibus
1402 658 1690 706 memoriter
1706 659 1915 720 prolatis

229 743 343 802 post
399 739 715 789 Charterium
770 738 1076 787 Gatakerum
1121 734 1389 786 Willetum
1442 738 1580 787 varie
1634 741 1916 787 tractarunt

232 821 636 870 Schneidewinus
692 813 849 886 (Mus.
897 819 985 866 Rh.
1034 818 1107 866 IV
1159 821 1297 867 1845
1346 837 1392 881 p.
1441 815 1604 885 297),
1664 820 1914 883 Bergkius

231 897 518 969 (Classical
547 895 795 949 Museum'
837 901 914 948 III
950 903 1088 949 1846
1123 918 1167 962 p.
1205 894 1349 967 117),
1388 902 1664 965 Burgesius
1699 895 1915 967 (‘Revue

233 985 292 1032 de
339 977 485 1045 phil.'
524 981 575 1029 II
627 983 766 1030 1847
815 998 862 1043 p.
906 976 1058 1047 228),
1112 981 1365 1043 Hauptius
1420 981 1608 1042 (Herm.
1649 982 1722 1029 IV
1772 983 1915 1031 1870

229 1082 275 1127 p.
312 1066 378 1112 27
415 1084 483 1102 ---
518 1062 697 1124 Opusc
730 1062 808 1110 ΠΙ
846 1079 893 1123 p.
925 1058 1073 1126 445),
1114 1060 1330 1110 Cobetus
1371 1056 1634 1128 (Mnemos.
1665 1062 1738 1110 IV
1774 1064 1912 1111 1876

231 1162 276 1206 p.
322 1146 453 1205 352,
500 1143 545 1190 Χ
588 1145 727 1191 1882
770 1159 817 1204 p.
861 1137 1011 1208 178),
1060 1141 1264 1190 Orusius
1312 1143 1525 1204 denique
1571 1144 1625 1191 in
1670 1159 1915 1191 commen-

229 1225 419 1273 tatione
474 1239 623 1286 quam
677 1212 930 1285 inscripsit
976 1217 1085 1271 ‘ein
1131 1223 1469 1285 Lehrgedicht
1518 1224 1603 1272 des
1650 1219 1914 1273 Plutarch'

233 1300 381 1372 (Mus.
423 1305 514 1352 Rh.
554 1303 765 1351 XXXIX
807 1305 949 1351 1884
989 1321 1036 1366 p.
1071 1298 1219 1371 581).
1280 1306 1447 1367 Atque
1488 1292 1916 1355 Schneidewinum

231 1390 281 1435 et
319 1386 594 1450 Bergkium
635 1385 720 1447 qui
761 1379 1044 1446 ‘mythum'
1083 1385 1228 1432 illum
1277 1402 1307 1434 a
1346 1385 1533 1434 Galeno
1573 1387 1790 1434 relatum
1828 1387 1916 1435 ad-

230 1467 433 1516 modum
451 1482 568 1514 sane
586 1466 875 1513 dubitanter
890 1465 1210 1528 Xenophanis
1229 1466 1363 1514 Sillis
1380 1466 1685 1531 tribuebant,
1711 1466 1916 1516 Crusius

230 1547 473 1598 refutavit
511 1539 596 1613 (cf.
627 1546 1067 1594 Wachsmuthium
1105 1547 1224 1596 fasc.
1255 1546 1308 1594 II
1338 1564 1384 1609 p.
1421 1542 1527 1612 62),
1569 1546 1801 1596 Crusium
1832 1548 1918 1612 qui
1967 1587 1970 1590 .

231 1629 377 1677 illum
406 1627 664 1676 Plutarchi
689 1626 1076 1676 Chaeroneensis
1111 1642 1218 1674 esse
1252 1627 1536 1688 suspicatur
1567 1645 1720 1692 eoque
1754 1645 1779 1678 e
1811 1645 1918 1677 car-

232 1710 364 1757 mine
398 1710 760 1771 depromptum,
800 1707 933 1769 quod
963 1709 1015 1756 in
1046 1708 1310 1770 Lampriae
1347 1709 1433 1770 qui
1471 1709 1655 1758 dicitur
1692 1711 1919 1773 catalogo

231 1791 364 1838 inter
418 1793 582 1838 cetera
627 1789 887 1837 Plutarchi
943 1788 1129 1850 scripta
1181 1792 1499 1838 recenseatur
1551 1806 1756 1840 numero
1810 1793 1913 1840 127

234 1871 487 1934 signatum
513 1863 583 1936 (p.
605 1872 670 1917 12
691 1862 851 1935 Treu)
877 1866 987 1933 περὶ
1012 1865 1150 1938 ζῴων
1172 1867 1365 1935 ἀλόγων
1381 1869 1647 1933 ποιητικός,
1674 1870 1915 1921 Gerckius

234 1951 454 1999 breviter
493 1954 543 1998 et
581 1952 726 1998 acute
765 1950 952 1998 refellit
989 1950 1116 1999 Mus.
1150 1951 1239 1998 Rh.
1273 1950 1388 1999 XLI
1429 1952 1569 1999 1886
1610 1968 1658 2013 p.
1682 1953 1792 2000 470
1811 1968 1915 2014 sqq.

232 2031 338 2080 Nos
372 2031 494 2079 satis
521 2031 760 2079 habemus
785 2030 1084 2092 adstipulari
1107 2030 1329 2092 Hauptio
1354 2031 1584 2079 carminis
1610 2034 1783 2081 auctor
1806 2033 1917 2095 quis

234 2112 386 2160 fuerit
407 2111 703 2172 investigari
722 2126 868 2172 posse
883 2111 1102 2173 neganti,
1126 2112 1224 2159 nisi
1242 2112 1374 2174 quod
1390 2111 1659 2160 verisimile
1679 2112 1745 2161 sit
1762 2113 1916 2162 fuisse

232 2194 374 2241 illum
414 2208 559 2254 quem
594 2191 811 2242 Galenus
850 2207 950 2239 non
987 2192 1223 2252 nominet,
1263 2193 1410 2240 huius
1449 2193 1609 2254 ipsius
1642 2194 1915 2256 aequalem,

232 2290 344 2334 cum
375 2289 405 2321 a
437 2271 623 2322 Galeno
657 2271 749 2321 οὐκ
772 2269 1007 2335 ἀμούσων
1032 2269 1231 2337 ἀνδρῶν
1255 2291 1325 2331 τις
1353 2274 1653 2337 appelletur3
1687 2273 1918 2323 similiter

234 2354 454 2403 Gellium
485 2354 544 2402 N.
571 2355 630 2402 A.
654 2354 772 2402 XIX
803 2357 868 2402 11
902 2369 1083 2402 nomen
1116 2354 1346 2403 omittere
1385 2369 1497 2402 cum
1536 2353 1670 2402 dicat
1708 2349 1916 2404 eamicus

232 2449 387 2494 1116115,
427 2431 520 2482 οὐκ
557 2431 777 2497 ἄμουσος
815 2428 1140 2482 adulescens'.

342 2514 554 2563 Numeri
577 2515 808 2564 carminis
835 2531 865 2563 a
887 2515 1074 2564 Galeno
1098 2516 1390 2577 plerumque
1412 2515 1486 2563 ita
1510 2515 1761 2563 obscurati
1784 2518 1917 2580 sunt,

235 2597 291 2643 ut
329 2595 466 2644 nullo
505 2595 651 2644 modo
691 2596 960 2658 reciperari
996 2595 1204 2658 possint.
1281 2596 1468 2644 Tamen
1505 2595 1715 2644 lectores
1755 2597 1916 2645 celare

234 2675 371 2723 nolui
402 2676 573 2738 quales
597 2676 848 2739 Hauptius
880 2676 985 2724 fere
1015 2677 1272 2738 putaverit
1293 2676 1407 2724 illos
1430 2675 1587 2724 fuisse
1612 2675 1916 2724 assentiente

235 2754 431 2818 Crusi03
469 2756 676 2806 Homeri
717 2760 885 2805 autem
922 2757 1055 2806 locos
1095 2757 1282 2806 similes
1321 2755 1434 2804 ideo
1472 2755 1675 2804 uberius
1716 2755 1916 2818 subieci,

234 2851 331 2897 quo
370 2836 565 2885 facilius
609 2837 668 2885 de
705 2837 920 2899 pristina
957 2838 1119 2886 forma
1155 2852 1412 2898 versuum,
1460 2837 1546 2898 qui
1591 2851 1740 2898 prosa
1784 2850 1916 2886 nunc

237 2916 459 2964 oratione
499 2917 651 2966 soluti
690 2921 822 2984 sunt,
862 2918 1145 2968 coniectura
1181 2917 1289 2967 fieri
1325 2918 1507 2979 posset.
