2038 3140
847 212 913 219 —
997 182 1099 234 118
1184 212 1244 217 -—
1481 197 1886 232 ARoHEsTRATvs

313 319 421 367 Iam
459 335 577 367 vero
611 320 653 366 si
685 319 849 380 opinio
883 319 972 366 illa
1003 318 1065 366 ab
1098 317 1358 364 Athenaeo
1390 317 1550 364 relata
1582 331 1679 378 qua
1711 315 1886 377 galeus

201 400 484 447 Rhodiacus
524 400 656 447 idem
695 402 901 460 putatur
934 401 1082 461 atque
1117 399 1386 459 acipenser,
1427 413 1483 445 ex
1514 397 1668 444 Iubae
1693 391 1886 459 Ὁμοιό-

202 495 342 543 τησιν
367 481 593 528 derivata
620 484 708 542 est,
732 497 794 528 ne
819 480 1172 528 refutationem
1200 478 1398 542 quidem
1423 494 1549 541 quae
1567 477 1887 540 subiungitur

199 562 333 609 illius
358 562 600 623 opinionis
635 556 763 628 (ἀλλ’
802 554 945 619 οὗτος
974 557 1062 624 μὲν
1095 558 1263 623 μικρὸς
1294 556 1376 606 καὶ
1408 556 1883 623 μακρορρυγχότερός

201 639 296 690 ἐστι
322 682 329 690 .
358 682 365 690 .
393 636 736 709 πιπράσκεται)
775 644 932 706 ipsius
965 642 1212 690 Athenaei
1246 656 1354 688 esse
1388 643 1618 702 apparet,
1659 640 1744 688 sed
1777 641 1882 688 eius

199 724 539 787 grammatici,
596 725 681 786 qui
730 725 881 772 etiam
920 725 1129 787 Apionis
1177 722 1463 771 testimonio
1511 737 1631 770 usus
1673 723 1750 769 est
1787 737 1884 783 quo

198 803 434 865 probaret
465 806 644 866 helopa
677 820 783 853 esse
818 806 903 867 qui
935 821 964 852 a
987 804 1223 852 Romanis
1250 804 1504 865 acipenser
1529 803 1883 865 appellaretur,

197 900 297 932 non
343 886 556 948 galeum.
635 886 802 948 Atque
850 887 980 934 hunc
1026 886 1410 948 grammaticum
1457 885 1699 933 contendo
1739 884 1884 932 Pam-

198 967 392 1027 philum
433 983 558 1028 esse,
598 967 730 1029 quod
769 969 826 1014 ut
863 982 952 1028 per
992 982 1043 1015 se
1083 967 1342 1028 probabile
1375 968 1465 1025 est,
1505 966 1577 1013 ita
1617 965 1764 1013 certis
1805 981 1882 1012 ar‘

197 1048 452 1110 gumentis
491 1050 658 1109 potest
689 1047 1032 1096 demonstrari.
1094 1047 1315 1095 Primum
1350 1049 1544 1094 constat
1567 1046 1885 1107 Pamphilum

196 1129 391 1190 Apione
425 1145 571 1176 usum
605 1144 724 1176 esse.
789 1127 1016 1176 Affertur
1049 1129 1179 1176 enim
1213 1143 1242 1175 a
1279 1127 1591 1188 Pamphilo
1630 1127 1882 1190 Apionis

201 1211 252 1257 et
276 1209 483 1257 Diodori
513 1209 855 1257 testimonium
887 1225 964 1270 ap.
990 1209 1107 1256 Ath.
1132 1208 1247 1256 XIV
1277 1210 1379 1256 642
1394 1224 1434 1271 e,
1467 1208 1734 1256 eorundem
1764 1225 1883 1257 vero

198 1291 417 1338 alterum
471 1290 812 1339 testimonium
865 1290 1024 1338 isdem
1070 1290 1235 1339 verbis
1285 1289 1622 1337 introductum
1670 1289 1885 1337 occurrit

194 1372 266 1419 XI
292 1374 394 1421 501
410 1371 477 1420 de
511 1372 669 1419 celato
702 1370 900 1433 quidem
931 1371 1146 1419 auctoris
1177 1371 1390 1429 nomine,
1426 1370 1512 1432 qui
1541 1386 1685 1418 nemo
1716 1372 1883 1431 potest

197 1452 355 1501 fuisse
387 1452 486 1500 nisi
509 1451 815 1514 Pamphilus.
877 1450 1068 1499 Deinde
1109 1451 1194 1499 alii
1225 1454 1343 1500 'sunt
1373 1451 1483 1513 loci,
1523 1450 1701 1513 quibus
1734 1450 1880 1499 Pam-

194 1534 389 1595 philum
428 1534 482 1581 in
517 1532 802 1580 nominibus
849 1532 1151 1594 explicandis
1190 1533 1527 1580 Romanorum
1566 1548 1762 1594 quoque
1800 1548 1881 1580 ra-

195 1614 386 1662 tionem
415 1615 650 1662 habuisse
676 1613 930 1662 evincitur.
988 1613 1086 1661 Uni
1111 1614 1289 1662 saltem
1315 1629 1374 1661 ex
1404 1614 1465 1661 iis
1497 1614 1605 1661 loco
1631 1613 1880 1675 Pamphili

193 1788 346 1832 cundo
364 1788 488 1832 bello
502 1788 677 1833 Punico
697 1789 971 1846 enarrando,
988 1789 1179 1834 Bonnae
1196 1791 1327 1845 1862)
1347 1790 1396 1833 et
1411 1788 1630 1832 Barthius
1649 1789 1723 1845 (de
1735 1789 1879 1834 Iubae

185 1852 481 1911 Ὁμοιότησιν
525 1869 554 1899 a
591 1855 845 1900 Plutarcho
887 1855 1138 1912 expressis,
1179 1855 1432 1912 Gottingae
1468 1859 1550 1899 187
1556 1858 1600 1911 6)
1638 1855 1879 1899 Plutarchi

193 1919 490 1975 quaestiones
530 1920 766 1965 Romanas
807 1923 856 1966 et
893 1935 1116 1978 magnam
1154 1923 1339 1979 partem
1377 1921 1566 1965 Romuli
1603 1921 1878 1977 Numaeque

188 1985 393 2030 vitarum
433 1999 490 2029 ex
528 1987 601 2030 his
643 1986 1042 2031 Similitudinibus
1083 2001 1202 2044 quae
1242 1989 1471 2032 vocantur
1513 2001 1727 2031 manasse
1771 2001 1877 2032 con-

189 2051 473 2108 tendissent,
513 2052 775 2097 Fridericus
807 2054 955 2098 Reuss
989 2054 1064 2108 (de
1103 2053 1247 2097 Iubae
1286 2053 1410 2109 regis
1449 2052 1648 2097 historia
1686 2066 1878 2098 romana

191 2132 220 2161 a
237 2118 490 2163 Plutarcho
512 2133 744 2176 expressa,
761 2119 1062 2163 Wetzflariae
1082 2123 1213 2176 1880)
1231 2119 1534 2163 Plutarchum
1551 2133 1607 2163 ex
1622 2118 1704 2162 illo
1724 2132 1876 2175 opere,

188 2183 239 2227 in
271 2198 362 2240 quo
395 2198 469 2228 res
501 2185 642 2242 plane
668 2185 874 2230 diversas
908 2187 956 2229 et
979 2184 1185 2240 undique
1210 2185 1433 2230 collectas
1458 2185 1581 2230 inter
1606 2198 1655 2230 se
1679 2185 1876 2229 collatas

187 2249 334 2294 fuisse
367 2253 549 2307 censet,
591 2265 676 2296 sua
713 2251 928 2296 hausisse
965 2265 1144 2308 negans
1174 2251 1319 2296 Iubae
1357 2251 1605 2296 historiam
1634 2264 1879 2296 romanam

189 2315 248 2359 ab
289 2317 379 2360 hoc
419 2316 685 2362 adhibitam
725 2332 826 2362 esse
867 2317 1070 2363 coniecit
1105 2331 1258 2373 neque
1294 2330 1404 2362 vero
1437 2317 1604 2362 Cohnii
1635 2332 1877 2363 assensum

186 2379 314 2436 tulit,
347 2381 430 2438 qui
453 2382 864 2441 (‘Philologischer
879 2383 1128 2441 Anzeiger’
1159 2388 1272 2428 1883
1287 2398 1333 2440 p.
1351 2386 1456 2440 450)
1481 2385 1730 2439 utrumque
1749 2383 1875 2440 regis

187 2446 457 2492 Mauretani
486 2449 659 2493 librum
692 2464 721 2494 a
743 2449 996 2495 Plutarcho
1028 2450 1078 2495 in
1109 2464 1244 2493 usum
1276 2463 1378 2494 esse
1408 2451 1627 2494 vocatum
1659 2448 1751 2493 sibi
1771 2463 1875 2506 per-

188 2513 350 2559 suasit.
413 2514 514 2559 Iam
544 2529 656 2561 vero
688 2515 728 2560 si
760 2529 830 2572 ea,
869 2529 990 2573 quae
1022 2516 1080 2560 de
1110 2515 1227 2560 locis
1259 2514 1434 2560 adlatis
1467 2515 1717 2572 disputavi,
1749 2518 1875 2561 recte

186 2593 237 2624 se
274 2579 455 2624 habent
500 2581 694 2638 (etenim
732 2595 828 2626 non
866 2581 1031 2626 dubito
1071 2581 1184 2638 quin
1224 2595 1280 2626 ea
1319 2594 1439 2637 quae
1471 2581 1530 2626 de
1560 2581 1698 2638 galee
1729 2581 1874 2626 Iubae

186 2658 289 2691 esse
321 2645 529 2703 ostendi,
564 2648 624 2692 ad
648 2646 950 2706 Ὁμοιότητας
979 2648 1226 2693 referenda
1257 2646 1373 2703 sint,
1406 2647 1457 2691 in
1487 2647 1654 2703 quibus
1687 2648 1737 2691 et
1768 2646 1876 2692 aliis

186 2710 245 2754 de
269 2712 410 2757 rebus
436 2714 483 2757 et
499 2712 558 2758 de
575 2713 700 2759 cenis
726 2713 1011 2772 apparandis
1029 2727 1262 2771 exponens
1285 2727 1381 2757 non
1398 2712 1548 2757 solum
1567 2712 1624 2757 de
1647 2715 1874 2758 structore

187 2777 271 2822 sed
301 2779 448 2826 etiam
489 2781 548 2825 de
586 2781 858 2838 acipensere
890 2780 1100 2838 dixerit),
1143 2794 1218 2825 me
1257 2793 1362 2823 cum
1391 2777 1588 2823 Reussio
1620 2778 1775 2823 facere
1805 2779 1882 2822 fa·-

182 2843 379 2889 tendum
402 2848 489 2903 est,
521 2850 720 2905 apparet
750 2847 875 2892 enim
899 2860 969 2903 ea,
1003 2858 1123 2902 quae
1148 2844 1206 2888 de
1229 2842 1538 2902 Ὁμοιοτήτων
1567 2843 1726 2889 indole
1750 2859 1874 2890 com-

182 2910 320 2966 perta
342 2909 588 2968 habemus,
615 2912 769 2970 magis
793 2912 1156 2970 grammaticum
1169 2909 1247 2955 vel
1262 2908 1648 2967 lexicographum
1663 2910 1874 2956 redolere

182 2988 326 3031 quam
355 2974 644 3022 historicum.
