2038 3140
851 156 913 162 ——
1001 126 1102 177 162
1185 156 1246 163 —
1384 146 1669 182 ARCHESTR.
1702 149 1887 182 HEDYP.

72 272 257 304 xxxxv
303 257 547 326 λάμβανε
588 252 637 309 δ’
675 256 734 309 ἐκ
774 259 1081 324 Γαίσωνος,
1124 257 1256 310 ὅταν
1295 261 1551 327 ΛΜίλητον
1590 261 1764 329 ἵκηαι,
1908 263 2013 301 (590⁴

292 344 521 414 κεστρέα
561 347 659 398 τὸν
698 343 942 413 κέφαλον
981 344 1074 397 καὶ
1113 347 1211 398 τὸν
1250 349 1526 400 θεόπαιδα
1566 350 1826 419 λάβρακα.

295 431 399 486 εἰσὶ
434 434 537 501 γὰρ
572 429 764 484 ἐνθάδ’
803 433 1045 502 ἄριστοι,
1087 433 1115 485 ὁ
1148 434 1253 502 γὰρ
1285 437 1450 498 τόπος
1483 435 1596 489 ἐστὶ
1626 444 1891 499 τοιοῦτος.

293 524 540 591 πιότεροι
582 516 633 572 δ’
672 520 848 588 ἕτεροι
887 519 1082 573 πολλοὶ
1122 523 1428 575 Καλυδῶνί
1460 543 1517 576 τε
1556 529 1742 594 κλεινῇ

237 629 261 667 5
290 606 586 678 Ἀμβρακίῃ
625 604 674 660 τ’
711 606 793 661 ε’νὶ
832 610 1201 680 πλουτοφόρῳ
1241 612 1428 680 Βόλβῃ
1467 608 1514 663 τ’
1553 611 1635 666 ε’νὶ
1676 616 1862 683 λίμνη

296 696 414 750 ἀλλ’
456 697 557 749 οὐκ
598 697 779 764 εὐώδη
819 698 1054 766 γαστρὸς
1092 696 1380 766 κέκτηνται
1419 699 1660 768 ἀλοιφὴν

295 784 417 839 οὐδ’
458 786 603 838 οὕτω
646 787 913 855 δριμεῖαν.
993 784 1193 838 ἐκεῖνοι
1234 782 1283 838 δ’
1323 788 1487 855 εἰσίν,
1529 786 1732 858 ἑταῖρε,

294 876 395 942 τὴν
430 874 630 944 ἀρετὴν
662 875 994 942 θαυμαστοί.
1051 874 1215 936 ὅλους
1248 872 1298 927 δ’
1338 875 1540 939 αὐτοὺς
1572 876 1895 940 ἀλεπίστους

297 963 537 1031 ὀπτήσας
578 966 830 1031 μαλακῶς
868 963 1131 1030 γλίσχρης
1168 963 1499 1032 προσένεγκε
1540 961 1646 1034 δίχ’
1685 967 1873 1035 ἅλμης.

211 1069 265 1108 10
298 1048 438 1120 μηδὲ
477 1049 762 1120 προσέλθῃ
805 1063 893 1102 σοι
933 1048 1060 1119 περὶ
1099 1047 1311 1114 τοῦψον
1350 1060 1513 1106 τοῦτο
1553 1062 1820 1106 πονοῦντι

297 1142 430 1208 μήτε
470 1141 819 1208 Συρακόσιος
859 1137 1050 1207 μηδεὶς
1089 1135 1209 1207 μήτ’
1248 1137 1577 1210 Ἰταλιώτης·

297 1228 364 1280 οὐ
406 1229 511 1296 γὰρ
552 1227 870 1280 ἐπίστανται
909 1229 1180 1296 χρηστοὺς
1220 1229 1546 1298 σκευαζέμεν
1588 1231 1774 1299 ἰχθῦς,

297 1315 434 1367 ἀλλὰ
476 1315 876 1384 διαφθείρουσι
914 1323 1091 1376 κακῶς
1131 1322 1427 1383 τυροῦντες
1466 1317 1678 1370 ἅπαντα

295 1402 407 1466 ὄξει
446 1422 503 1455 τε
545 1401 831 1471 ῥαίνοντες
870 1402 1021 1473 ὑγρῷ
1061 1402 1153 1456 καὶ
1193 1406 1420 1472 σιλφίου
1460 1405 1618 1475 ἅλμῃ.

210 1510 262 1549 15
296 1500 408 1544 τῶν
449 1487 511 1543 δὲ
549 1493 823 1560 πετραίων
866 1491 1141 1559 ἰχθυδίων
1180 1500 1291 1544 τῶν
1330 1493 1775 1563 τρισκαταράτων

294 1580 521 1633 πάντων
562 1577 703 1632 εἰσὶν
744 1581 959 1650 ἄριστοι
1000 1579 1368 1649 ἐπισταμένως
1409 1582 1691 1634 διαθεῖναι

295 1667 385 1721 καὶ
425 1670 630 1730 πολλὰς
673 1667 821 1731 ἰδέας
859 1676 1086 1736 κομψῶς
1123 1671 1270 1736 παρὰ
1312 1667 1456 1722 δαιτὶ
1497 1670 1764 1723 δύνανται

296 1757 549 1826 ὀψαρίων
589 1757 804 1825 τεύχειν
843 1758 1121 1826 γλίσχρων
1160 1756 1646 1826 ἡδυσματολήρων.

887 1915 1204 1949 TESTIMONIA

318 1989 547 2036 XXXXV
589 1988 707 2037 Ath.
738 1988 837 2036 VII
871 1990 971 2038 311
988 2005 1036 2036 a:
1079 1984 1104 2036 ὅ
1131 1984 1184 2035 δὲ
1216 1987 1371 2050 σοφὸς
1399 1984 1464 2036 Ἀ.
1499 1989 1797 2053 «λάμβανε
1826 2017 1888 2024 -

206 2067 774 2133 ἡδυσματολήρων».
837 2070 1067 2117 Eustath.
1106 2070 1263 2132 1053,
1299 2073 1387 2118 17:
1430 2067 1586 2118 ἰστέον
1626 2066 1679 2118 δὲ
1710 2067 1792 2118 καὶ
1823 2069 1894 2118 ὅτι

206 2149 260 2200 ἐκ
306 2156 393 2199 τοῦ
441 2144 559 2198 καθ’
598 2145 820 2214 Ὅμηρον
869 2149 1113 2208 διιπετοῦς
1159 2156 1383 2213 ποταμοῦ
1422 2147 1579 2216 ἤγουν
1618 2149 1733 2199 υἱοῦ
1773 2149 1894 2209 Διὸς

206 2229 375 2295 λαβών
413 2248 483 2289 τις
521 2236 618 2278 τῶν
658 2225 773 2293 μεθ’
818 2226 1039 2295 ’Ὅμηρον
1083 2258 1145 2265 —
1177 2226 1242 2279 Ἀ.
1286 2228 1338 2279 δὲ
1376 2224 1440 2295 ἦν
1480 2229 1663 2290 ἐκεῖνος
1704 2229 1728 2280 ὅ
1767 2229 1893 2295 ὂψο-

211 2311 372 2378 φάγος
402 2338 474 2345 -
506 2309 809 2359 θεόπαιδα
848 2309 943 2374 ἔφη
982 2311 1170 2369 παίζων
1205 2310 1289 2360 τὸν
1321 2311 1575 2375 Μιλήσιον
1614 2311 1893 2378 λάβρακα.

771 2459 1026 2508 VARm‘rAs
1065 2475 1335 2508 LEOTIONIS

329 2539 543 2584 XXXXV
574 2545 602 2583 4
625 2543 777 2599 πολλῷ
801 2539 971 2584 Kaibel
1093 2545 1118 2584 5
1147 2539 1412 2599 Ἄμβρακίῃε
1441 2539 1687 2600 Ἀμβρακίᾳ
1720 2540 1767 2583 Α
1866 2546 1892 2584 9

210 2606 447 2664 μαλακοὺς
478 2612 680 2663 χρηστῶς
712 2606 772 2661 A,
806 2609 1022 2663 μαλακῶς
1052 2607 1275 2664 χρηστοὺς
1306 2605 1573 2661 Schneider,
1604 2622 1648 2662 μ.
1681 2606 1894 2663 γλίσχρης

211 2671 544 2718 Stadtmueller
605 2668 699 2728 δίχ’
726 2670 963 2716 Meineke:
997 2671 1060 2716 δι’
1089 2673 1135 2717 Α
1228 2677 1282 2717 10
1315 2687 1386 2716 σοι
1416 2672 1532 2729 πρὸς
1553 2677 1733 2726 τοῦψον
1755 2678 1892 2716 τοῦτο

209 2746 426 2784 ποιοῦντι
444 2738 504 2793 A,
529 2751 644 2783 corr.
662 2737 890 2794 Meineke‚
923 2740 1001 2782 σοι’
1017 2754 1129 2783 ποτε
1155 2738 1324 2783 Coraes
1417 2743 1469 2782 11
1503 2735 1671 2794 μηθεὶς
1694 2736 1806 2793 μήτε
1830 2738 1890 2792 A,

211 2804 373 2863 μηδεὶς
401 2804 605 2850 Dindorf
713 2809 767 2849 12
801 2811 1003 2862 χρηστῶς
1033 2803 1348 2849 Wilamowitz
1465 2808 1520 2848 16
1550 2800 1745 2847 παντοῖ’
1773 2801 1892 2847 εἰσὶν

209 2871 442 2926 Ribbeck,
482 2870 650 2927 δαίτην
691 2869 790 2914 sive
820 2873 994 2926 θοίνην
1026 2871 1122 2915 sive
1153 2871 1356 2927 ποίμνην
1385 2882 1472 2926 pro
1502 2866 1690 2913 πάντων
1730 2867 1891 2912 stadt-

209 2935 407 2981 mueller
528 2940 582 2980 18
613 2936 842 2994 γλίσχροις
871 2935 1267 3008 ἡδυσματολήροις
1295 2934 1606 2979 Wachsmuth
