2038 3140
800 112 863 119 —
950 82 1053 133 130
1135 112 1195 120 —-
1434 102 1841 138 ARCHEsTRATvs

157 235 208 268 se
248 222 353 266 tam
393 219 595 280 similes,
635 219 694 265 ut
725 220 856 266 teste
890 218 1147 265 Athenaeo
1173 218 1271 265 VII
1297 220 1445 267 2881)
1479 220 1609 281 apud
1641 219 1840 270 Atticos

156 298 462 364 βούγλωσσοι
502 298 652 346 etiam
692 298 922 346 audirent
959 303 1153 360 ψῆτται.
1230 299 1588 363 Fragmentum
1627 301 1838 363 denique

154 380 418 428 XXXVIII
459 396 516 427 ex
557 394 615 426 ea
653 381 797 440 parte
837 379 1067 427 carminis
1109 382 1363 441 sumptum
1403 397 1509 430 esse
1543 385 1840 444 argumento

153 463 417 524 probatur,
465 475 562 523 qua
610 460 670 507 de
718 460 938 520 piscibus
979 462 1081 509 sale
1121 459 1410 508 condiundis
1450 465 1718 522 praecepta
1759 476 1840 508 ex-

154 542 465 589 hibebantur.
528 540 665 588 Haec
697 542 923 602 exempla
956 557 1011 588 eo
1043 557 1133 589 nos
1167 540 1416 589 deducunt
1439 543 1496 589 ut
1522 558 1643 604 quos
1675 544 1838 604 pisces

154 638 183 669 a
237 622 491 669 veteribus
548 623 752 682 propter
806 623 1151 684 cognationem
1203 622 1284 670 vel
1341 622 1466 669 alias
1515 638 1688 671 causas
1739 639 1842 671 una

151 702 397 751 nominari
438 701 609 750 solitos
651 717 757 750 esse
798 705 1014 759 constat,
1066 718 1148 751 eos
1187 704 1389 763 poetam
1429 718 1622 765 quoque
1661 703 1838 752 iisdem

155 782 387 831 carminis
429 782 658 844 partibus
698 783 1010 844 complexum
1049 798 1154 831 esse
1195 783 1555 832 existimemus:
1597 801 1742 846 quem
1775 784 1839 832 ad

149 879 297 911 usum
321 866 549 912 veterum
574 863 906 911 definiendum
929 864 1175 926 imprimis
1201 865 1499 914 comicorum
1525 865 1837 913 consuetudo

147 959 248 992 non
289 944 393 991 sine
433 945 600 992 fructu
639 945 948 994 observatur.

264 1023 418 1072 Aliud
463 1025 611 1086 idque
658 1025 794 1073 haud
839 1026 948 1074 leve
995 1026 1335 1074 adiumentum
1382 1027 1445 1073 ad
1491 1041 1667 1074 verum
1705 1025 1838 1088 frag-

152 1109 434 1154 mentorum
488 1121 671 1153 nexum
724 1106 1070 1167 reperiendum
1131 1107 1369 1167 praebere
1424 1106 1547 1153 mihi
1598 1106 1835 1154 videntur

154 1187 526 1234 coniunctiones
556 1185 642 1233 καί
671 1188 721 1234 et
753 1183 873 1234 ἀλλά
903 1186 954 1233 in
986 1187 1141 1234 initiis
1173 1186 1375 1235 illorum
1407 1187 1602 1248 saepius
1627 1187 1836 1250 positae,

153 1283 276 1328 quas
303 1267 346 1314 si
371 1267 468 1314 alia
491 1267 775 1329 fragmenta
797 1266 1450 1330 circumspiciens'accurate
1474 1267 1836 1330 interpretaris,

148 1346 401 1396 interdum
435 1348 718 1396 coniectura
747 1347 936 1410 poteris
969 1348 1203 1409 colligere
1236 1364 1361 1410 quae
1386 1350 1682 1410 argumenta
1704 1349 1836 1397 inter

155 1444 206 1476 se
247 1428 351 1478 sive
391 1429 652 1477 coniuncta
699 1428 803 1477 sive
842 1428 1070 1490 opposita
1114 1427 1315 1477 fuerint.
1393 1429 1452 1476 In
1490 1429 1834 1478 coniunctione

146 1509 238 1557 καί
266 1510 490 1570 exemplo
524 1510 623 1557 sint
653 1510 936 1570 fragmenta
966 1508 1176 1556 XXXXI
1193 1525 1279 1571 sq.,
1311 1525 1522 1571 quorum
1553 1510 1691 1571 prius
1725 1526 1836 1557 cum

152 1593 326 1651 aperto
365 1588 615 1638 Athenaei
660 1590 946 1639 testimonio
993 1591 1152 1638 altero
1201 1590 1491 1652 excipiatur,
1539 1590 1670 1638 idem
1716 1591 1835 1639 ordo

151 1671 474 1718 confirmatur
505 1671 672 1720 verbis
705 1667 799 1718 κάν
829 1669 996 1740 Θάσῳ
1030 1667 1218 1733 ὀψώνει
1248 1670 1445 1735 τρίγλην
1477 1686 1534 1718 eo
1559 1671 1833 1720 referendis

146 1752 277 1813 quod
315 1751 482 1812 priore
521 1751 802 1813 fragmento
850 1753 1055 1814 triglam
1101 1768 1228 1814 quae
1279 1756 1423 1814 capta
1462 1755 1596 1801 esset
1634 1753 1835 1801 Mileti

142 1832 288 1880 valde
338 1833 783 1880 commendaverat.
878 1830 1167 1881 Coniunctio
1216 1833 1536 1881 adversativa
1581 1830 1702 1881 ἀλλά
1751 1834 1835 1881 ad-

140 1912 342 1960 hibetur
374 1914 433 1961 fr.
465 1912 728 1960 XXXVIII
760 1927 817 1961 eo
849 1913 1055 1962 consilio
1085 1915 1144 1961 ut
1175 1915 1491 1974 opponantur
1521 1914 1675 1963 verba
1711 1931 1831 1977 τρι-

137 1997 307 2042 ταῖον
359 1991 484 2057 ἔχειν
534 1992 782 2058 σκόμβρον
827 1991 944 2058 πρὶν
989 1990 1081 2041 κτὲ.
1134 1994 1299 2043 verbis
1355 1991 1603 2057 τιμηθέν,
1659 1989 1734 2042 ὅτ’
1779 1992 1832 2042 ἐν

143 2074 326 2138 βίκοισι
379 2073 722 2138 ταριχεύεσθαι
775 2072 996 2138 ἔμελλεν,
1050 2090 1149 2136 qua
1195 2074 1256 2122 de
1309 2090 1364 2122 re
1418 2074 1530 2123 vide
1585 2090 1832 2122 commen-

140 2155 343 2202 tarium.

253 2234 348 2283 Sed
388 2236 649 2284 dicendum
691 2238 767 2284 est
807 2237 959 2284 etiam
998 2236 1058 2284 de
1098 2251 1154 2284 eo
1195 2235 1327 2298 quod
1365 2235 1665 2284 Ribbeckius
1711 2235 1830 2284 dicit

141 2309 294 2382 (Mus.
334 2316 489 2366 Rhen.
530 2317 601 2364 XI
645 2334 691 2379 p.
734 2309 867 2382 217)
914 2316 1298 2365 Archestratum
1346 2316 1599 2364 interdum
1646 2316 1830 2364 iterum

140 2397 202 2444 de
250 2397 424 2445 eodem
473 2397 636 2460 egisse
679 2397 830 2459 pisce.
902 2395 1083 2461 Itaque
1130 2397 1356 2458 exempla
1403 2397 1465 2444 ab
1504 2397 1590 2444 illo
1630 2397 1829 2457 prolata

139 2477 495 2526 examinemus.
564 2478 807 2540 Thynnus
847 2480 1262 2526 commemoratur
1301 2478 1494 2526 duobus
1532 2477 1826 2539 fragmentis

139 2559 231 2606 XX
244 2558 362 2606 XIV
404 2561 455 2606 et
492 2557 777 2620 XXXVIII,
824 2573 949 2619 quae
990 2557 1042 2604 in
1081 2557 1288 2607 diversis
1329 2557 1558 2606 carminis
1598 2558 1826 2618 partibus

67 2703 69 2705 Ι
137 2639 304 2688 fuisse
343 2639 509 2702 posita
546 2655 607 2687 ne
647 2655 740 2701 ego
773 2639 973 2700 quidem
1014 2655 1155 2703 nego.
1234 2638 1329 2687 Sed
1360 2639 1452 2686 hoc
1483 2638 1543 2686 de
1574 2637 1707 2699 pisce
1739 2654 1828 2686 cur

138 2720 301 2767 altero
342 2735 536 2782 quoque
574 2720 682 2768 loco
724 2722 937 2780 exponat
973 2719 1238 2782 peculiaris
1278 2719 1523 2782 quaedam
1562 2718 1639 2766 est
1676 2733 1827 2766 causa

141 2813 201 2847 ea
248 2800 459 2860 scilicet,
513 2800 644 2862 quod
691 2816 802 2848 cum
854 2800 1021 2863 priore
1067 2801 1175 2848 loco
1222 2793 1304 2864 (fr.
1345 2791 1579 2864 XXXIV)
1627 2799 1824 2846 omnino

137 2879 302 2940 prima
344 2879 450 2929 eius
489 2881 674 2929 mentio
712 2881 887 2929 inferri
929 2881 1175 2941 videatur,
1213 2879 1489 2943 posteriore
1527 2879 1613 2926 ubi
1653 2879 1713 2926 de
1754 2879 1823 2927 eis
