2038 3140
878 154 946 160 —-
1024 125 1093 178 28
1176 157 1239 162 —
1570 144 1900 178 BATRAOHOM.

278 252 350 303 ”52
388 255 580 321 πόποι,
619 250 652 320 ἦ
694 253 832 322 μέγα
870 260 1062 323 θαῦμα
1102 252 1218 308 τόδ’
1254 257 1631 326 ὀφθαλμοῖσιν
1670 257 1902 327 ὁρῶμαι·

221 341 288 393 οὐ
327 343 525 411 μικρὸν
565 344 796 409 πλήσσει
835 343 1200 414 Μεριδάρπαξ
1239 347 1375 397 κατὰ
1414 347 1615 415 λίμνην

222 428 490 499 Ξέναίρειν
528 431 838 500 βατράχους
875 434 1268 500 βλεμεαίνων]
1309 433 1446 486 ἀλλὰ
1485 435 1707 502 τάχιστα
1930 445 1994 477 235

101 533 186 572 275
221 515 468 569 Παλλάδ’
510 512 816 586 Ἀθηναίην
856 518 1162 589 ὀτρύνομεν
1201 516 1264 587 ἠὲ
1301 518 1392 572 καὶ
1415 519 1615 591 ’Ἀρην,

220 605 278 656 οἳ
312 626 407 672 μιν
447 605 825 674 ἀποσχήσουσι
864 608 1037 677 μάχης
1075 611 1342 678 κρατερόν
1380 627 1482 680 περ
1523 610 1696 663 ἐόντα.

278 690 377 755 ἿΩς
417 689 503 763 ἄρ’
542 696 647 762 ἔφη
687 697 993 764 Κρονίδης,
1037 695 1181 767 ’Ήρη
1224 694 1274 748 δ’
1313 697 1639 766 ἀπαμείβετο
1680 699 1868 771 μύθῳ·

295 778 429 835 Οὔτ’
460 777 546 852 ἄρ’
572 778 888 853 Ἀθηναίης,
920 786 1191 854 Κρονίδη,
1226 786 1430 849 σθένος
1455 785 1569 839 οὔτ’
1594 785 1679 858 ἄρ’
1703 786 1906 858 ’Ἁρηος

0 879 187 938 279s280
221 870 432 938 ἰσχύσει
472 872 831 942 βατράχοισιν
873 873 1170 943 ἀρηγέμεν,
1212 874 1349 928 ἀλλὰ
1388 876 1488 928 σὸν
1528 876 1718 944 ὅπλον,
1931 886 1996 918 240

759 1047 960 1081 HOMERI
999 1049 1120 1082 LOC'I
1160 1049 1360 1083 SIMILES

333 1101 418 1142 272
453 1119 508 1134 =
542 1100 593 1140 N
615 1104 669 1142 99

336 1167 421 1207 273
457 1160 507 1207 ἐκ
539 1163 627 1221 γάρ
661 1181 714 1221 με
740 1164 1026 1219 πλήσσουσι*
1059 1182 1085 1209 σ
1108 1171 1191 1210 231

331 1233 418 1272 274
451 1228 615 1274 σθένεϊ
645 1232 929 1289 βλεμεαίνων
966 1233 1005 1276 Θ
1030 1237 1114 1277 337

214 1298 301 1338 274
320 1308 417 1350 sqq.
453 1294 553 1339 ἀλλ’
582 1296 715 1353 ἄγετε
749 1298 943 1353 κλητοὺς
976 1297 1252 1355 ὀτρύνομεν,
1287 1301 1341 1344 οἵ
1362 1317 1413 1344 κε
1446 1300 1637 1358 τάχιστα
1670 1305 1796 1345 1165

448 1359 663 1406 Παλλάδ’
693 1361 982 1420 Ἀθηναίηνῆε
1011 1369 1047 1407 Α
1066 1370 1152 1409 200

328 1431 416 1471 276
452 1426 482 1483 ἤ
515 1424 563 1484 μ’
593 1426 815 1485 Ὀδυσῆος
842 1431 849 1484 Ι
878 1430 1009 1473 οἴκου
1042 1430 1330 1487 ἀποσχήσει*
1362 1447 1386 1474 τ
1411 1436 1492 1475 571
1515 1446 1580 1487 sq.

451 1493 674 1552 κρατερός
704 1511 791 1552 περ
826 1491 914 1539 ἐών
952 1498 991 1539 Ο
1017 1501 1102 1540 164

331 1566 416 1605 278
450 1559 560 1605 οὐδέ
593 1559 638 1604 κ’
667 1558 817 1618 Ἄρης,
850 1561 991 1621 ὅσπερ
1023 1564 1137 1615 θεὸς
1169 1564 1416 1622 ἄμβροτος,
1450 1563 1560 1608 οὐδέ
1593 1562 1637 1607 κ’
1668 1563 1839 1621 Ἀθήνη

452 1625 668 1683 τοσσῆσδ’
696 1629 891 1684 ’ὑσμίνης
923 1626 1094 1686 ἐφέποι
1126 1629 1271 1687 στόμα
1296 1630 1377 1674 καὶ
1400 1629 1629 1675 πονέοιτο.
1669 1634 1709 1674 ‘1‘
1728 1637 1813 1676 358
1833 1645 1898 1687 sq.

329 1699 415 1737 279
448 1693 733 1750 τειρομένοις
766 1689 999 1752 ἑτάροισιν
1032 1694 1267 1753 ἀμυνέμεν
1300 1695 1444 1742 αἰπὺν
1478 1696 1676 1755 ὄλεθρον
1710 1700 1755 1740 Σ
1779 1702 1860 1743 129

774 1864 1026 1898 VARIETAS
1066 1865 1163 1898 LEO
1169 1865 1338 1899 '1¹10le

330 1940 415 1981 272
441 1932 475 1980 ὦ
493 1937 538 1981 L
599 1934 718 1993 μέγα
738 1935 872 1995 ἔργον
895 1934 946 1982 ἐν
970 1937 1086 1994 ὀφθ.
1122 1939 1166 1982 V
1245 1943 1331 1983 273
1350 1939 1536 1997 μικρὸν]
1554 1938 1721 1996 μικρόν
1739 1956 1793 1997 με
1811 1940 1907 1984 LV

207 2014 379 2045 nomen
412 2002 554 2046 muris
587 2006 857 2060 corruptum
918 2003 1059 2062 κατὰ]
1094 2003 1143 2055 ὃς
1174 2004 1295 2048 κατὰ
1336 2005 1380 2048 V
1488 2010 1574 2050 274
1609 2005 1783 2063 [ἅρπαξ
1818 2007 1901 2064 βα-

135 2115 150 2130 .
208 2067 447 2125 τράχοισιν
479 2069 748 2127 ἀμείβεται]
790 2069 907 2114 ἀλλὰ
937 2069 1130 2127 τάχιστα
1172 2071 1216 2114 V
1335 2075 1420 2114 275
1454 2071 1707 2127 ὀτρύνομεν
1741 2070 1899 2114 stadt-

207 2134 424 2179 mueller:
464 2133 722 2192 πέμψωμεν
753 2136 798 2180 L
857 2135 911 2191 ἠὲ
947 2137 1132 2193 scripsi:
1174 2135 1258 2192 ἠδὲ
1291 2137 1356 2190 L;
1400 2135 1616 2180 παλλάδα
1646 2135 1899 2194 πέμπωμεν

206 2201 549 2260 πολεμόκλονον
566 2199 595 2257 ἢ
613 2202 695 2246 καὶ
711 2199 848 2259 ’Άρηα
882 2202 925 2246 V
982 2207 1068 2247 276
1095 2202 1188 2246 ἄπο
1213 2203 1432 2260 σχήσουσι
1455 2204 1512 2258 L,
1539 2200 1836 2260 ἐπισχήσουσι
1859 2202 1904 2246 V

198 2273 294 2313 278
315 2266 435 2325 ’Ἡρη
467 2268 783 2312 Baumeister:
808 2265 938 2326 ’Άρης
967 2269 1065 2312 LV
1123 2273 1280 2325 μῦθον
1321 2271 1364 2314 V
1451 2275 1536 2315 279
1571 2269 1713 2327 ούτὰρ
1740 2268 1833 2313 Ἀθ.
1855 2269 1899 2312 L

207 2333 307 2379 οὔτ’
336 2333 414 2392 ἄρ’
442 2332 600 2392 ’Άρηος
632 2334 819 2391 scripsi:
853 2335 959 2380 οὔτε
983 2333 1070 2394 ’Άρ.
1102 2337 1162 2392 L,
1195 2336 1300 2380 οὔτε
1333 2332 1377 2392 γ’
1405 2333 1490 2392 ’Άρ.
1534 2337 1577 2379 V
1706 2333 1898 2392 279s280

207 2404 361 2445 —283
395 2413 452 2444 ex
482 2401 527 2445 L
558 2401 749 2446 exhibui
891 2406 979 2458 280
1010 2402 1127 2446 ἀλλὰ
1158 2403 1228 2448 N:
1261 2400 1290 2457 ἢ
1322 2402 1373 2446 τὸ
1404 2402 1450 2446 L
1599 2406 1683 2446 281
1719 2399 1898 2444 delevit

205 2466 370 2523 Haupt
429 2465 548 2524 μέγα
581 2481 669 2513 om.
695 2468 740 2512 L
832 2467 1169 2528 ὀμβριμοεργόν
1195 2485 1244 2513 τε
1276 2469 1320 2512 L
1410 2473 1494 2513 282
1526 2467 1607 2512 καὶ
1639 2466 1896 2512 κελάδοντα

205 2532 412 2588 πεδήσας
443 2533 488 2576 L
556 2534 602 2578 V
626 2547 711 2590 pro
745 2535 968 2590 quattuor
996 2534 1209 2580 versibus
1241 2535 1388 2579 habet
1417 2534 1642 2591 quinque:

264 2602 350 2643 279
385 2596 562 2655 ἰσχύσει
593 2597 894 2657 βατράχοισιν
926 2599 1158 2659 ἀρηγέμεν
1191 2600 1335 2646 αἰπὺν
1368 2600 1581 2658 ὄλεθρον.

265 2669 352 2710 280
384 2663 484 2709 ἀλλ’
513 2664 596 2722 ἄγε
627 2665 800 2717 πάντες
833 2668 973 2724 ἴωμεν
1005 2667 1250 2726 ἀρηγόνες·
1283 2665 1312 2723 ἢ
1344 2667 1395 2712 τὸ
1428 2666 1510 2710 σὸν
1543 2666 1685 2710 ὅπλον

385 2733 632 2777 κινείσθω·
666 2731 784 2777 οὕτω
815 2733 903 2791 γὰρ
936 2733 1163 2778 ἁλώσεται
1194 2733 1316 2785 ὅστις
1346 2734 1551 2791 ἄριστος,

386 2797 448 2850 ὥς
475 2813 588 2844 ποτε
620 2798 702 2843 καὶ
733 2805 958 2856 καπανῆα
989 2798 1269 2851 κατέκτανες
1300 2798 1526 2859 ὄμβριμον
1557 2798 1711 2856 ἄνδρα

385 2863 466 2908 καὶ
497 2863 645 2922 μέγαν
678 2862 989 2923 ἔγκελάδοντα
1021 2867 1101 2911 καὶ
1131 2867 1273 2925 ἄγρια
1305 2869 1431 2924 φῦλα
1461 2864 1703 2922 γιγάντων.

292 2934 379 2975 279
411 2929 660 2989 βατράχοις
697 2932 742 2976 V
