2038 3140
66 266 123 304 25

67 355 121 393 27

68 619 123 658 30

70 1060 125 1099 35

154 135 422 172 HOMEch
835 146 895 153 —
980 117 1009 168 7
1094 148 1154 154 -

237 250 398 301 Τι’πτε
437 246 597 314 γένος
635 247 841 315 τούμὸν
883 251 1076 316 ζητεῖς;
1118 249 1179 303 τὸ
1221 246 1282 302 δὲ
1323 250 1493 316 δῆλον
1533 248 1751 301 ἅπασιν.
1867 263 1910 295 25

167 335 452 405 Ψιχάρπαξ
492 333 592 404 μὲν
632 335 736 403 ἐγὼ
776 338 1158 405 κικλήσκομαι·
1199 335 1309 405 εἰμὶ
1349 334 1410 389 δὲ
1449 343 1650 405 κοῦρος

162 424 487 493 Τρωξάρταο
527 425 732 493 πατρὸς
770 427 1164 494 μεγαλήτορος,
1204 424 1237 492 ἡ
1282 423 1346 477 δέ
1381 445 1450 477 νυ
1490 427 1666 493 μήτηρ

156 513 496 582 Λειχομύλη,
536 513 790 583 θυγάτηρ
832 514 1298 583 Πτερνοτρώκτου
1337 516 1613 582 βασιλῆος.

158 602 397 667 [γείνατο
439 598 488 653 δ’
534 600 594 653 ἐν
631 601 843 671 καλύβῃ
885 621 949 670 με
988 600 1079 655 καὶ
1118 601 1451 671 ἐξεθρέψατο
1491 609 1777 670 τρωκτοῖς,

158 689 345 751 σύκοις
382 686 474 741 καὶ
512 690 762 759 καρύοις,
801 688 893 742 καὶ
932 689 1192 759 ἐδέσμασι
1229 692 1702 756 παντοδαποῖσιν]
1871 702 1915 733 30

157 787 270 840 πῶς
311 774 370 829 δὲ
411 780 579 846 φίλον
617 784 745 846 ποιῇ
786 797 850 846 με
890 779 987 830 τὸν
1028 777 1081 841 ἐς
1121 779 1294 847 φύσιν
1338 775 1504 831 οὐδὲν
1545 778 1763 846 ὁμοῖον;

158 864 246 918 σοὶ
286 863 385 934 μὲν
423 867 529 936 γὰρ
569 867 689 933 βίος
728 864 878 919 ἐστὶν
917 866 978 919 ἐν
1016 866 1239 920 ὕδασιν·
1281 867 1452 936 αὐτὰρ
1494 868 1702 935 ἔμοιγε,

159 955 298 1007 ὅσσα
337 950 465 1025 παρ’
502 954 845 1024 ἀνθρώποις,
885 957 1120 1024 τρώγειν
1161 959 1313 1020 ἔθος·
1355 957 1476 1009 οὔτι
1515 975 1579 1025 με
1620 956 1782 1022 λήθει

159 1044 323 1113 ἄρτος
361 1043 816 1112 τρισκοπάνιστος
855 1038 946 1096 ἀπ’
991 1043 1263 1097 εὐκύκλου
1301 1042 1547 1111 κανέοιο,

162 1129 318 1197 [οὐδὲ
355 1135 599 1194 πλακοῦς
636 1132 978 1195 τανύπεπλος
1016 1134 1158 1202 ἔχων
1195 1133 1338 1185 πολὺ
1379 1132 1819 1202 σησαμότυρον,]
1871 1142 1914 1175 35

162 1220 229 1272 οὐ
268 1222 433 1288 τόμος
472 1218 532 1272 ἐκ
568 1217 828 1288 πτέρνης,
869 1219 970 1288 οὐχ
1008 1221 1188 1288 ἥπατα
1227 1221 1624 1289 λευκοχίτωνα,

162 1309 229 1361 οὐ
268 1309 434 1377 τυρὸς
471 1310 770 1375 νεόπηκτος
810 1307 914 1360 ἀπὸ
954 1313 1245 1379 γλυκεροῖο
1285 1309 1582 1376 γάλακτος,

161 1397 230 1449 οὐ
269 1397 508 1466 χρηστὸν
547 1398 848 1464 μελίτωμα,
888 1398 950 1449 τὸ
990 1396 1081 1450 καὶ
1120 1398 1356 1467 μάκαρες
1395 1394 1722 1449 ποθέουσιν.

281 1525 336 1564 26
370 1519 643 1575 ἀνθρώποις
671 1535 720 1564 τε
751 1521 887 1570 θεοῖς
916 1534 965 1562 τε
998 1518 1079 1562 καὶ
1111 1520 1348 1578 οὐρανίοις
1371 1523 1614 1575 πετεηνοῖς

707 1630 907 1664 HOMERI
944 1630 1067 1664 LOOI
1104 1629 1305 1665 SIMILES

162 1703 219 1742 25
258 1698 458 1752 Τυδείδη
492 1696 756 1754 μεγάθυμε,
788 1698 862 1753 τίη
896 1696 1063 1754 γενεὴν
1096 1693 1333 1753 ἐρεείνειςς
1369 1700 1403 1743 Ζ
1434 1702 1518 1746 145

254 1761 482 1820 ἡμετέρην
515 1762 700 1819 γενεήν·
734 1763 896 1808 πολλοὶ
927 1762 981 1808 δέ
1012 1780 1091 1821 μιν
1123 1763 1292 1821 ἄνδρες
1325 1765 1479 1810 ἴσασιν
1514 1766 1549 1810 Ζ
1577 1766 1658 1807 151

164 1835 222 1874 26
255 1830 556 1886 ὑπουρανίων
586 1830 860 1886 πετεηνῶν*
893 1834 931 1874 Ρ
952 1834 1036 1876 675

165 1901 221 1940 28
254 1896 282 1951 ἡ
317 1894 369 1940 δέ
401 1913 459 1939 νυ
491 1894 675 1954 μήτηρ*
705 1900 754 1940 Χ
779 1901 865 1941 405

257 1960 310 2006 ὅν
342 1976 454 2006 ποτε
488 1961 634 2020 μήτηρ
663 1965 669 2019 Ι
696 1960 892 2019 γείνατ’,
925 1958 1025 2006 ἐπεὶ
1059 1957 1151 2006 κτὲ.
1187 1966 1227 2006 Δ
1259 1967 1359 2017 474,
1393 1967 1479 2007 476

166 2034 222 2073 31
255 2035 353 2080 πῶς
383 2027 470 2086 γάρ
503 2044 558 2085 με
591 2026 700 2086 κέλῃ
733 2028 806 2074 σοὶ
835 2027 978 2084 ἤπιον
1011 2025 1156 2083 εἴναι;
1190 2046 1216 2073 κ
1243 2034 1328 2074 337

168 2099 226 2139 34
258 2094 362 2138 οὔτε
396 2110 451 2150 με
484 2094 681 2148 λήθεις*
712 2111 737 2138 τ
761 2099 839 2150 91,
873 2092 984 2139 οὐδέ
1016 2111 1071 2152 με
1103 2093 1300 2150 λήθεις*
1334 2097 1377 2138 Ω
1410 2099 1495 2140 563

168 2165 224 2204 35
258 2159 399 2216 ἄρτον
430 2157 472 2202 τ’
502 2156 640 2204 οὖλον
672 2155 788 2204 ἑλὼν
818 2158 1118 2217 περικαλλέος
1151 2156 1202 2204 ἐκ
1233 2158 1424 2204 κανέοιο
1458 2177 1483 2217 ρ
1509 2164 1594 2204 343

169 2231 226 2270 36
252 2224 418 2281 “Ελένη
450 2225 776 2276 τανύπεπλος*
811 2229 854 2269 Γ
873 2231 958 2271 228

169 2297 225 2346 37
261 2288 311 2336 ἐκ
343 2289 576 2348 πτέρνης*
607 2294 759 2336 Χ397

171 2363 226 2402 38
246 2350 398 2415 Ιτυροῦ
432 2356 512 2401 καὶ
543 2364 732 2414 κρειῶν,
765 2356 875 2402 οὐδὲ
907 2361 1148 2416 γλυκεροῖο
1181 2359 1408 2416 γάλακτος
1440 2360 1468 2402 δ
1497 2362 1552 2404 88

732 2468 988 2503 VARIETAS
1027 2470 1299 2504 LECTIONIS

288 2540 346 2580 25
380 2537 547 2591 ζητεῖςς
587 2534 638 2579 τὸ
671 2532 723 2579 δὲ
756 2534 1067 2582 Wachsmuth
1097 2536 1165 2594 (τὸ
1198 2534 1244 2581 δ’
1273 2536 1453 2594 ἄσημον
1486 2550 1530 2590 ες
1563 2535 1621 2580 cf.
1654 2550 1697 2581 v.
1722 2540 1778 2582 32
1812 2537 1861 2583 eis

170 2617 213 2646 v.
248 2607 301 2646 57
351 2601 512 2657 ξεῖνε)ε
555 2602 723 2657 ζητεῖς,
770 2603 902 2658 φίλες
945 2602 1011 2657 L,
1059 2604 1226 2659 ζητεῖςς
1269 2603 1412 2658 δῆλον
1443 2599 1489 2648 δ’
1527 2598 1579 2648 ἐν
1603 2601 1781 2649 ἅπασιν
1821 2603 1867 2649 V

170 2673 228 2713 26
247 2667 482 2714 adduntJ
491 2667 536 2711 V
620 2671 677 2713 28
702 2667 781 2725 νυ]
799 2683 878 2726 μοι
892 2669 939 2714 L
1044 2673 1102 2714 30
1118 2683 1184 2724 sq.
1209 2667 1318 2715 incl.
1336 2667 1560 2714 Draheim
1665 2673 1722 2714 30
1745 2685 1864 2727 τρω-

170 2739 299 2785 moze
329 2732 684 2779 Stadtmueller:
721 2735 915 2790 βρωτοῖς
944 2735 1044 2780 LV
1159 2739 1214 2780 31
1247 2733 1329 2779 καὶ
1360 2729 1448 2793 ἒδ.]
1484 2730 1536 2780 ἔν
1569 2729 1635 2781 ἒδ.
1668 2734 1714 2781 L
1803 2740 1860 2781 32

170 2804 323 2853 ποιεῖς
352 2799 397 2846 L
458 2797 524 2850 εἰς
555 2799 600 2845 L
699 2803 757 2844 33
789 2798 878 2857 γὰρ
909 2813 998 2846 om.
1030 2801 1076 2846 L
1195 2804 1253 2848 34
1283 2798 1371 2845 ὅσα
1401 2799 1447 2844 L
1506 2798 1618 2846 οὐδέ
1658 2800 1703 2847 V
1802 2805 1863 2846 35

170 2863 541 2917 δυσκοπάνιστος
564 2865 610 2911 V
627 2866 828 2921 (δισκοπ.
848 2864 948 2922 affi)
1026 2871 1083 2911 36
1113 2865 1289 2923 πολλὴν
1306 2866 1529 2924 σισαμίδα
1546 2866 1592 2911 L
1674 2870 1731 2913 88
1748 2865 1862 2912 οὐδὲ

171 2931 310 2989 τυρὸς
339 2931 385 2978 L
498 2936 554 2976 39
586 2931 771 2989 χριστὸν
801 2931 843 2979 J
893 2926 1144 2979 ποθέονσῗ·
1181 2933 1224 2976 L
