2038 3140
886 135 954 141 -——
1035 99 1105 156 80
1181 134 1253 139 -—
1654 120 1915 154 MATRONIS

230 242 535 291 cf.Ath.VII
561 241 757 290 312de.
819 235 888 290 V.
909 234 1004 288 40.
1044 239 1342 287 Iamdudum
1371 239 1659 288 inveneram
1689 237 1917 291 emenda-

230 324 419 372 tionem
466 323 795 370 certissimam
842 319 896 369 ἐκ
933 323 1149 382 Κωπῶν,
1197 335 1346 382 quam
1383 335 1513 368 nunc
1553 322 1919 380 occupaverunt

233 404 645 452 Wilamowitzius
695 405 745 451 et
786 402 1072 465 Kaibelius3
1119 401 1372 468 anguillae
1419 402 1550 448 enim
1597 417 1657 448 ex
1703 400 1918 461 Copaide

232 485 414 546 palude
471 487 610 532 ortae
656 486 763 531 tam
812 483 1034 531 famosae
1089 487 1253 542 erant,
1307 483 1366 529 ut
1421 482 1573 530 etiam
1628 482 1919 544 simpliciter

232 565 476 634 Κωπᾷὸες
505 565 894 627 appellarentur,
919 564 978 613 cf.
1004 563 1159 612 Arist.
1183 563 1293 612 Pac.
1317 564 1474 624 1005,
1499 563 1675 611 Stratt.
1703 579 1779 625 ap.
1799 564 1917 612 Ath.

234 647 333 694 VII
369 649 532 708 327e3
564 647 590 693 Ι
625 648 729 695 724
762 645 917 709 Kock,
957 645 1164 706 Antiph.
1197 660 1272 706 ap.
1299 644 1418 694 Ath.
1435 644 1534 692 VII
1560 646 1717 706 3O3f3
1763 645 1815 692 II
1850 647 1916 694 63

235 729 388 777 Kock.
466 729 587 775 Illas
627 744 744 776 vero
783 727 1022 774 maximas
1062 726 1217 774 fuisse
1249 726 1472 788 miraque
1512 727 1920 776 crassitudine

233 812 485 858 testantur
531 810 683 857 Dorio
732 824 808 870 ap.
857 808 974 856 Ath.
1014 806 1112 854 VH
1154 809 1302 855 2970
1351 800 1572 873 (Δορίων
1598 847 1607 855 .
1635 846 1644 855 .
1677 805 1761 866 τὰς
1806 809 1921 856 Κω-

233 890 418 948 παΐδας
449 887 654 952 ἐπαινεῖ,
685 889 907 955 γίνονται
939 883 983 936 δ’
1013 881 1157 935 αὗται
1187 882 1557 954 ὑπερμεγέθεις)
1592 891 1643 936 et
1666 888 1919 936 Archestr.

234 973 294 1020 fr.
342 971 466 1019 VIII
515 974 543 1020 6
588 987 655 1033 sq.
701 964 927 1036 (μεγάλαι
972 987 1019 1018 τε
1057 968 1153 1033 γάρ>
1190 968 1280 1017 εἰσι
1315 970 1320 1030 Ι
1356 967 1438 1017 καὶ
1476 967 1537 1017 τὸ’
1567 968 1752 1033 πάχος
1789 973 1920 1017 θαυ-

235 1046 458 1118 μασταί).
543 1052 687 1100 Unde
735 1052 890 1099 etiam
941 1067 1031 1112 pro
1079 1049 1390 1115 ἀγροτεράων
1437 1050 1570 1112 quod
1616 1053 1733 1112 apta
1787 1053 1922 1099 caret

235 1134 576 1196 explicatione,
599 1149 710 1181 cum
729 1132 1117 1180 Stadtmuellero
1136 1129 1446 1195 ἁδροτεράων
1465 1131 1781 1180 scribendum
1797 1133 1918 1180 erat.

236 1215 377 1272 Quod
408 1217 579 1263 autem
607 1214 862 1261 Peltzerus
904 1213 1045 1276 dicit,
1085 1213 1336 1275 anguillas
1376 1208 1639 1277 ἀγροτέρας
1677 1212 1922 1274 appellari

234 1296 367 1359 quod
391 1311 538 1358 saepe
554 1296 607 1342 in
623 1310 770 1358 agros
787 1293 1030 1356 prodeant
1054 1295 1105 1341 et
1124 1294 1356 1356 frugibus
1374 1295 1655 1357 vescantur,
1679 1294 1804 1341 nihil
1820 1294 1920 1341 tale

234 1377 452 1426 innotuit
490 1376 768 1439 veteribus3
807 1378 885 1424 est
917 1375 1050 1423 enim
1078 1375 1250 1423 fabula
1281 1390 1429 1437 quam
1459 1375 1650 1436 primus
1681 1374 1922 1424 Albertus

234 1459 447 1522 Magnus
505 1458 739 1520 protulit,
793 1457 854 1505 cf.
914 1451 1144 1504 ‘Brehms
1199 1450 1512 1504 Thierleben'
1567 1455 1645 1503 III
1697 1458 1816 1503 tom.
1871 1455 1923 1503 ΙΙ

235 1557 280 1602 p.
317 1541 436 1588 324.
505 1533 575 1587 V.
608 1532 683 1586 41
728 1553 831 1599 sqq.
872 1537 1184 1586 obscuriores
1225 1537 1399 1599 parodi
1430 1537 1634 1585 facetias
1666 1536 1923 1600 ingeniose

235 1621 431 1682 aperuit
486 1619 778 1667 Meinekius.
837 1663 841 1665 .
870 1618 1002 1666 Nam
1061 1635 1220 1680 neque
1281 1617 1642 1680 Astyanactem
1693 1617 1923 1666 Hectoris

235 1702 410 1764 filium,
448 1701 535 1762 qui
571 1716 697 1761 puer
736 1700 1058 1763 occubuisset,
1097 1715 1257 1761 neque
1298 1698 1605 1747 Antenorem
1637 1699 1922 1763 Troianum,

236 1784 375 1832 cuius
423 1782 721 1844 sapientiam
763 1781 1033 1844 Homerus,
1087 1779 1423 1844 eloquentiam
1467 1779 1733 1842 Euripides
1778 1795 1922 1842 prae-

235 1864 440 1927 dicaret,
470 1863 523 1910 in
552 1863 875 1912 robustorum
896 1863 1121 1912 virorum
1142 1876 1288 1923 posse
1310 1876 1517 1919 numero
1540 1860 1738 1921 haberi3
1770 1861 1922 1910 immo

234 1945 597 2007 Astyanactem
633 1943 1028 2006 intellegendum
1067 1957 1176 1991 esse
1214 1942 1488 2005 Milesium,
1534 1942 1595 1990 de
1634 1958 1731 2004 quo
1770 1943 1924 1991 schol.

237 2027 442 2074 Theocr.
471 2024 546 2072 IV
579 2026 670 2073 34:
710 2021 834 2086 φασὶ
870 2021 963 2089 γὰρ
1000 2028 1175 2072 τοῦτον
1199 2019 1404 2086 Ἴσθμια
1431 2020 1701 2086 νικήσαντα
1737 2020 1821 2071 καὶ
1852 2021 1924 2072 οἴ-

235 2125 314 2156 κοι
352 2104 754 2171 παραγενόμενον
797 2103 851 2154 ἐκ
887 2111 973 2169 τῆς
1013 2104 1140 2162 ἰδίας
1178 2101 1352 2169 ἀγέλης
1389 2110 1476 2153 τοῦ
1516 2103 1742 2169 μεγίστου
1781 2101 1924 2168 λαβέ-

238 2192 360 2237 σθαι
397 2185 515 2252 βοὸς
552 2183 638 2244 καὶἼ
673 2183 740 2249 μὴ
781 2184 972 2235 ἀνεῖναι
1003 2182 1095 2244 ἕως
1127 2182 1152 2234 ὅ
1184 2191 1362 2248 ταῦρος
1394 2183 1671 2249 ἐλευθερῶν
1700 2182 1752 2233 τὸ
1785 2191 1925 2248 σῶμα

237 2274 292 2337 τῇ
340 2267 427 2336 βίᾳ
471 2264 692 2316 κατέλιπε
737 2264 828 2330 τὴν
874 2264 1032 2330 ὁπλὴν
1081 2264 1134 2315 ἐν
1182 2273 1238 2334 τῇ
1286 2264 1406 2330 χειρὶ
1445 2264 1624 2328 αὐτοῦ,
1664 2266 1926 2329 Syncellus

236 2366 284 2411 p.
325 2348 474 2398 274d
513 2342 584 2414 (p.
625 2350 729 2396 521
771 2342 976 2410 Bonn.):
1011 2343 1281 2406 Ἀστυάναξ
1320 2345 1570 2410 Μιλήσιος
1614 2345 1667 2395 τὸ
1705 2345 1924 2411 παγκρά-
2023 2358 2027 2402 ξ

237 2447 342 2479 τιον
379 2430 494 2496 νικᾷ
531 2428 706 2493 τρίτον.
768 2422 917 2487 οὗτος
951 2425 1004 2477 δὲ
1042 2425 1213 2487 καὶ-ἓξ
1244 2425 1442 2492 ἀνδρῶν
1477 2426 1603 2476 σιτία
1639 2425 1922 2490 κατήσθιεν.
2021 2430 2027 2453 ³

239 2504 495 2577 (Eiusdem
528 2525 708 2559 nomen
731 2511 1076 2559 oblitteratum
1099 2508 1376 2557 Meinekius
1399 2508 1621 2558 restituit
1643 2508 1777 2570 apud
1804 2508 1924 2557 Ath.

237 2593 284 2640 X
323 2593 471 2640 413a
510 2592 560 2638 et
597 2591 729 2652 apud
767 2589 1002 2638 Photium
1045 2589 1176 2638 Bibl.
1213 2607 1261 2652 p.
1297 2591 1389 2653 83,
1429 2583 1538 2655 40.)
1617 2589 1924 2637 Antenorem
2009 2645 2020 2666 ,ι

237 2689 355 2722 vero
388 2671 599 2720 eundem
631 2686 738 2720 esse
764 2670 824 2720 de
849 2686 945 2733 quo
969 2670 1177 2719 Eusebii
1201 2669 1379 2719 Chron.
1404 2669 1469 2719 ad
1490 2667 1686 2732 Olymp.
1712 2669 1925 2719 CXVIII

239 2748 309 2817 (p.
337 2754 440 2802 205
459 2769 530 2816 sq.
563 2746 830 2818 Schoene):
862 2747 1111 2817 Ἀντήνωρ
1142 2747 1413 2814 Ἀθηναῖος
1442 2747 1475 2814 ἢ
1497 2748 1765 2814 Μιλήσιος,
1797 2769 1924 2815 παγ-

237 2833 463 2898 κράτιον,
511 2831 742 2883 ἀκόντιον
793 2831 1159 2898 περιοδονίκης,
1206 2835 1258 2881 et
1310 2847 1458 2896 quem
1503 2847 1615 2879 cum
1661 2831 1923 2880 Leontisco
2015 2817 2038 2843 ¹

238 2915 579 2976 pancratiaste,
617 2916 1026 2964 commemoraret
1055 2914 1231 2963 Macho
1269 2927 1350 2975 ap.
1381 2911 1498 2961 Ath.
1531 2910 1654 2962 XIII
1684 2928 1733 2974 p.
1767 2913 1874 2961 578
1889 2910 1924 2959 f.
2006 2965 2019 2984 ,-
