2038 3140
825 167 885 171 —
971 138 1073 188 128
1159 167 1219 172 ——
1455 155 1861 189 ARoHEsTRATvs

177 271 500 333 Ribbeckius,
549 272 632 331 qui
679 273 943 332 postquam
992 287 1118 320 anno
1163 273 1302 320 1856
1344 274 1395 319 in
1435 273 1595 319 Musei
1633 272 1862 319 Rhenani

178 353 271 400 vol.
290 352 359 398 XI
385 370 430 412 p.
451 352 557 399 200
578 367 679 413 sqq.
707 352 766 399 de
790 352 1113 401 Archestrato
1139 353 1532 401 luculentissime
1558 354 1804 400 disserens
1818 345 1859 418 ¹)

178 432 408 480 editionis
450 435 706 494 tamquam
744 433 1045 481 lineamenta
1085 433 1424 495 adumbravit,
1466 434 1643 481 edendi
1681 450 1862 481 munus

177 514 340 574 ipsum
383 514 600 574 suscepit
637 514 690 560 in
726 513 986 575 Gymnasii
1017 515 1354 562 Berolinensis
1390 514 1590 562 Ascanii
1622 514 1863 562 Actorum

177 595 429 655 prooemio
471 595 601 655 quod
639 594 826 655 prodiit
865 611 991 643 anno
1036 588 1247 661 1877.2)
1310 595 1418 643 Hac
1454 595 1610 656 igitur
1649 594 1862 643 editione

177 675 288 735 pari
329 674 589 738 diligentia
637 677 788 738 atque
829 676 1106 724 subtilitate
1145 675 1330 738 insigni
1370 693 1481 724 cum
1519 675 1864 724 Archestratei

179 755 411 803 carminis
451 756 688 818 reliquias
729 756 843 804 huic
881 756 1050 803 libello
1093 756 1264 804 deesse
1304 757 1503 817 nollem,
1543 759 1601 804 ut
1634 772 1724 818 par
1758 760 1865 804 erat

178 838 434 898 tamquam
457 853 546 898 pro
571 837 894 886 fundamento
919 853 1039 885 usus
1058 853 1183 885 sum.
1230 837 1436 885 Duabus
1455 839 1623 887 autem
1650 837 1864 885 maxime

178 917 328 964 rebus
376 917 436 965 ab
476 917 611 965 illius
652 919 868 966 editione
907 919 1029 965 mihi
1068 919 1399 966 recedendum
1439 934 1547 967 esse
1586 918 1864 967 videbatur.

182 997 405 1045 Primum
431 999 632 1047 dialecti
657 999 1016 1061 discrepantias
1050 990 1171 1061 quas
1196 999 1314 1047 libri
1337 999 1564 1047 referunt
1588 993 1670 1065 (cf.
1691 994 1865 1066 Ἰταλίῃ

177 1079 245 1125 LI
292 1081 317 1125 1
365 1082 415 1127 et
454 1074 655 1137 Ἰταλίας
694 1080 814 1127 XVI
856 1083 909 1141 1,
956 1080 1167 1127 XXXIV
1208 1083 1262 1143 83
1317 1077 1523 1144 βροτέην
1570 1083 1620 1128 et
1659 1076 1865 1144 βροτέαν

179 1160 349 1207 ΧΧΙΙΙ
381 1177 426 1208 v.
464 1162 547 1222 17,
586 1162 670 1222 qui
712 1164 762 1208 et
801 1178 845 1223 p.
884 1163 986 1210 163
1029 1165 1079 1209 et
1116 1178 1162 1222 p.
1198 1162 1304 1209 310
1343 1160 1591 1209 Athenaei
1629 1161 1867 1224 traditur,

177 1240 345 1304 χαίτην
385 1241 596 1288 XXXVI
631 1244 676 1302 2,
718 1242 856 1290 LXII
890 1245 919 1290 3
962 1245 1013 1291 et
1051 1241 1220 1306 χαίταν
1259 1242 1374 1290 LIX
1414 1244 1468 1305 33
1508 1240 1720 1305 ἱστορίης
1758 1242 1784 1289 Ι
1820 1246 1864 1302 1,

177 1319 456 1386 ἀνθρακιῆς
495 1310 664 1370 XXIII
703 1325 784 1385 11,
823 1322 1015 1386 Συρίης
1053 1323 1193 1371 LXII
1228 1325 1275 1386 5,
1314 1329 1527 1390 ψαφαρῇ
1567 1323 1778 1370 XXXXI
1818 1325 1864 1387 2,

178 1401 280 1466 ὥρη
307 1403 449 1451 LXII
478 1405 560 1467 10,
602 1402 704 1472 ὥρῃ
735 1403 993 1452 ΧΧΧΧΙΧ
1021 1407 1047 1452 1
1078 1406 1127 1453 et
1159 1403 1384 1469 αἰθερίας
1407 1403 1481 1452 IV
1509 1406 1555 1466 6,
1595 1401 1866 1470 ἐγκρυφίαν

178 1483 250 1531 IV
291 1485 383 1547 15,
423 1482 668 1552 ἀμβροσίᾳ
707 1485 822 1532 LIX
865 1487 954 1548 11,
995 1479 1269 1553 Ἀμβρακίᾳ
1306 1485 1446 1532 XXV
1488 1487 1518 1533 3
1545 1486 1630 1546 aL,
1679 1482 1867 1549 ἀγοράν

177 1564 250 1610 IV
294 1566 384 1627 15,
439 1563 595 1630 ὑγράν
633 1565 750 1613 LIX
792 1568 846 1629 3,
899 1565 1111 1634 μαχαίρᾳ
1150 1565 1313 1613 XXXI
1354 1569 1383 1614 5
1441 1566 1540 1614 alia
1586 1566 1636 1613 id
1683 1559 1864 1633 genus)

177 1659 276 1692 non
308 1648 413 1693 tam
442 1649 620 1707 poetae
656 1663 804 1708 quam
834 1647 1052 1695 librariis
1086 1647 1262 1709 culpae
1296 1646 1482 1695 dandas
1510 1662 1616 1695 esse
1641 1651 1864 1710 apparet,

180 1725 231 1772 id
270 1726 402 1787 quod
441 1727 741 1776 Ribbeckius
790 1743 985 1790 quoque
1031 1728 1196 1775 innuit
1240 1727 1366 1776 Mus.
1406 1728 1497 1776 Rh.
1538 1728 1609 1775 XI
1653 1745 1701 1791 p.
1745 1729 1864 1775 211.

177 1806 355 1867 Itaque
402 1822 514 1854 cum
562 1810 651 1856 aut
703 1809 896 1856 formae
949 1809 1131 1856 atticae
1178 1813 1266 1856 aut
1312 1809 1480 1871 epicae
1525 1807 1865 1857 restituendae

178 1890 358 1948 essent,
398 1889 620 1938 vocalem
661 1907 694 1936 α
730 1905 909 1950 puram
947 1889 1130 1950 ubique
1171 1890 1337 1951 expuli
1376 1890 1493 1952 quia
1530 1890 1721 1951 primus
1759 1904 1863 1936 car-

178 1967 324 2015 minis
381 1983 553 2016 versus
601 1967 894 2017 Callimachi
949 1970 1248 2018 auctoritate
1302 1972 1530 2019 servatus
1578 1964 1864 2034 (Ἱστορίης

178 2045 432 2113 ἐπίδενγμα
478 2042 603 2115 κτὲ.)
650 2050 863 2098 foimam
910 2050 1101 2112 epicam
1147 2066 1266 2113 prae
1322 2067 1374 2099 se
1429 2051 1549 2113 fert,
1603 2054 1866 2114 praeterea

178 2129 355 2192 scripsi
396 2128 691 2193 περήσαντες
736 2146 827 2192 pro
865 2129 1161 2195 περάσαντες
1207 2132 1265 2179 fr.
1306 2131 1516 2179 XXXIV
1534 2133 1644 2210 1;2
1685 2134 1865 2195 cetera,

176 2210 419 2272 imprimis
466 2211 654 2259 formas
702 2208 813 2274 ε’άν,
867 2207 932 2273 ’ἢν
979 2204 1157 2278 (semel
1195 2211 1335 2259 XXV
1379 2205 1457 2278 1),
1513 2228 1603 2276 αν,
1649 2213 1864 2275 intemp-

175 2292 284 2339 tata
322 2291 517 2354 reliqui.

287 2372 363 2420 De
401 2373 799 2435 fragmentorum
844 2373 1020 2422 deinde
1069 2373 1393 2436 dispositione
1442 2390 1569 2436 quae
1607 2374 1767 2424 habeo
1806 2378 1863 2423 ut

176 2467 464 2516 proponam,
502 2453 721 2515 primum
758 2454 1058 2503 monendum
1098 2458 1175 2503 est
1215 2455 1435 2503 omnium
1465 2456 1863 2517 fragmentorum

178 2549 304 2594 quae
358 2549 458 2582 non
511 2535 574 2582 ad
627 2536 788 2596 pisces
843 2535 1161 2599 conchyliave
1216 2537 1493 2600 pertinent,
1555 2537 1778 2585 ordinem
1833 2553 1862 2585 a

177 2612 448 2662 Ribbeckio
496 2615 827 2663 constitutum
873 2632 903 2664 a
947 2632 1028 2664 me
1075 2619 1332 2666 servatum
1378 2633 1501 2666 esse.
1586 2616 1862 2678 Aptissime

178 2693 310 2741 enim
346 2694 434 2742 ille
464 2695 706 2745 Matronis
746 2697 1063 2758 potissimum
1096 2698 1334 2748 Convivio
1366 2697 1536 2759 Attico
1576 2701 1861 2760 comparato

299 2815 340 2866 1)
372 2812 493 2857 Vide
526 2814 724 2858 eundem
755 2813 871 2860 Mus,
905 2815 991 2860 Rh.
1024 2815 1196 2861 XXVII
1225 2833 1269 2874 p.
1297 2821 1396 2862 496.

297 2878 343 2934 2)
375 2878 687 2924 ‘Archestrati
712 2881 948 2936 Syracueii
983 2881 1080 2927 sive
1106 2881 1316 2928 Gelensis
1331 2875 1468 2937 'quae
1500 2880 1713 2925 feruntur
1737 2880 1862 2938 apud

177 2941 471 2988 Athenaeum
501 2945 745 3003 reliquiae.
807 2947 1104 3005 Recognovit
1134 2948 1210 2992 W.
1242 2947 1489 2993 Ribbeck?
