<?xml version="1.0" encoding="UTF-8"?>
<!DOCTYPE html PUBLIC "-//W3C//DTD XHTML 1.0 Transitional//EN"
    "http://www.w3.org/TR/xhtml1/DTD/xhtml1-transitional.dtd">
<html xmlns="http://www.w3.org/1999/xhtml" xml:lang="en" lang="en">
 <head>
  <title>
</title>
<meta http-equiv="Content-Type" content="text/html;charset=utf-8" />
  <meta name='ocr-system' content='tesseract 3.04.00' />
  <meta name='ocr-capabilities' content='ocr_page ocr_carea ocr_par ocr_line ocrx_word'/>
</head>
<body>
  <div class='ocr_page' id='page_1' title='image "./corpusculumpoesi01lipsuoft_0016.png"; bbox 0 0 2038 3140; ppageno 0'>
   <div class='ocr_carea' id='block_1_1' title="bbox 864 99 1863 154">
    <p class='ocr_par' dir='ltr' id='par_1_1' title="bbox 864 99 1863 154">
     <span class='ocr_line' id='line_1_1' title="bbox 864 99 1863 154; baseline 0.004 -5"><span class='ocrx_word' id='word_1_1' title='bbox 864 129 924 136; x_wconf 90' lang='lat'>—</span> <span class='ocrx_word' id='word_1_2' title='bbox 1007 99 1039 150; x_wconf 78' lang='grc'>2</span> <span class='ocrx_word' id='word_1_3' title='bbox 1123 129 1185 136; x_wconf 87' lang='lat'>——-</span> <span class='ocrx_word' id='word_1_4' title='bbox 1532 119 1863 154; x_wconf 79' lang='lat' dir='ltr'>BATRAcHoM.</span> 
     </span>
    </p>
   </div>
   <div class='ocr_carea' id='block_1_2' title="bbox 140 235 1869 2968">
    <p class='ocr_par' dir='ltr' id='par_1_2' title="bbox 177 235 1869 1027">
     <span class='ocr_line' id='line_1_2' title="bbox 186 235 1868 298; baseline 0.001 -14"><span class='ocrx_word' id='word_1_5' title='bbox 186 236 466 284; x_wconf 87' lang='lat' dir='ltr'>Ludwichii</span> <span class='ocrx_word' id='word_1_6' title='bbox 505 236 800 284; x_wconf 87' lang='lat' dir='ltr'>liberalitati</span> <span class='ocrx_word' id='word_1_7' title='bbox 841 236 1009 284; x_wconf 91' lang='lat' dir='ltr'>debeo.</span> <span class='ocrx_word' id='word_1_8' title='bbox 1078 235 1287 282; x_wconf 92' lang='lat' dir='ltr'>Duobus</span> <span class='ocrx_word' id='word_1_9' title='bbox 1325 235 1483 298; x_wconf 87' lang='lat' dir='ltr'>igitur</span> <span class='ocrx_word' id='word_1_10' title='bbox 1520 236 1597 291; x_wconf 86' lang='lat' dir='ltr'>his</span> <span class='ocrx_word' id='word_1_11' title='bbox 1633 237 1776 285; x_wconf 89' lang='lat' dir='ltr'>libris</span> <span class='ocrx_word' id='word_1_12' title='bbox 1814 238 1868 285; x_wconf 89' lang='lat' dir='ltr'>in</span> 
     </span>
     <span class='ocr_line' id='line_1_3' title="bbox 188 316 1869 379; baseline 0 -13"><span class='ocrx_word' id='word_1_13' title='bbox 188 317 404 366; x_wconf 78' lang='lat' dir='ltr'>carmine</span> <span class='ocrx_word' id='word_1_14' title='bbox 444 316 741 364; x_wconf 87' lang='lat' dir='ltr'>recensendo</span> <span class='ocrx_word' id='word_1_15' title='bbox 773 316 844 364; x_wconf 90' lang='lat' dir='ltr'>ita</span> <span class='ocrx_word' id='word_1_16' title='bbox 875 331 995 363; x_wconf 87' lang='lat' dir='ltr'>usus</span> <span class='ocrx_word' id='word_1_17' title='bbox 1030 331 1153 378; x_wconf 91' lang='grc'>511111,</span> <span class='ocrx_word' id='word_1_18' title='bbox 1193 318 1252 363; x_wconf 87' lang='grc'>111</span> <span class='ocrx_word' id='word_1_19' title='bbox 1284 318 1527 377; x_wconf 86' lang='lat' dir='ltr'>quantum</span> <span class='ocrx_word' id='word_1_20' title='bbox 1558 317 1666 364; x_wconf 89' lang='lat' dir='ltr'>fieri</span> <span class='ocrx_word' id='word_1_21' title='bbox 1697 320 1869 379; x_wconf 88' lang='lat' dir='ltr'>posset</span> 
     </span>
     <span class='ocr_line' id='line_1_4' title="bbox 184 396 1867 459; baseline 0.001 -14"><span class='ocrx_word' id='word_1_22' title='bbox 184 398 511 446; x_wconf 84' lang='lat' dir='ltr'>Laurentiani</span> <span class='ocrx_word' id='word_1_23' title='bbox 544 398 834 445; x_wconf 81' lang='lat' dir='ltr'>memoriam</span> <span class='ocrx_word' id='word_1_24' title='bbox 859 412 1093 459; x_wconf 89' lang='lat' dir='ltr'>sequerer</span> <span class='ocrx_word' id='word_1_25' title='bbox 1119 396 1314 444; x_wconf 90' lang='lat' dir='ltr'>omnino</span> <span class='ocrx_word' id='word_1_26' title='bbox 1339 396 1754 458; x_wconf 88' lang='lat' dir='ltr'>incorruptiorem</span> <span class='ocrx_word' id='word_1_27' title='bbox 1778 414 1867 446; x_wconf 90' lang='lat' dir='ltr'>nec</span> 
     </span>
     <span class='ocr_line' id='line_1_5' title="bbox 181 477 1866 540; baseline 0.001 -15"><span class='ocrx_word' id='word_1_28' title='bbox 181 482 351 526; x_wconf 87' lang='lat' dir='ltr'>tamen</span> <span class='ocrx_word' id='word_1_29' title='bbox 381 478 685 526; x_wconf 87' lang='lat' dir='ltr'>Vaticanum</span> <span class='ocrx_word' id='word_1_30' title='bbox 717 493 1022 540; x_wconf 83' lang='lat' dir='ltr'>aspernarer,</span> <span class='ocrx_word' id='word_1_31' title='bbox 1065 477 1221 526; x_wconf 86' lang='lat' dir='ltr'>sicubi</span> <span class='ocrx_word' id='word_1_32' title='bbox 1254 477 1315 524; x_wconf 87' lang='lat' dir='ltr'>ab</span> <span class='ocrx_word' id='word_1_33' title='bbox 1355 478 1614 540; x_wconf 73' lang='lat' dir='ltr'>archetypi</span> <span class='ocrx_word' id='word_1_34' title='bbox 1648 478 1866 540; x_wconf 84' lang='lat' dir='ltr'>imagine</span> 
     </span>
     <span class='ocr_line' id='line_1_6' title="bbox 181 557 1867 622; baseline 0 -15"><span class='ocrx_word' id='word_1_35' title='bbox 181 561 386 622; x_wconf 90' lang='lat' dir='ltr'>propius</span> <span class='ocrx_word' id='word_1_36' title='bbox 427 575 577 622; x_wconf 88' lang='lat' dir='ltr'>quam</span> <span class='ocrx_word' id='word_1_37' title='bbox 616 559 702 606; x_wconf 91' lang='grc'>1115</span> <span class='ocrx_word' id='word_1_38' title='bbox 736 559 907 606; x_wconf 89' lang='lat' dir='ltr'>abesse</span> <span class='ocrx_word' id='word_1_39' title='bbox 939 558 1205 608; x_wconf 84' lang='lat' dir='ltr'>videretur.</span> <span class='ocrx_word' id='word_1_40' title='bbox 1263 557 1450 606; x_wconf 80' lang='lat' dir='ltr'>Versus</span> <span class='ocrx_word' id='word_1_41' title='bbox 1481 559 1534 606; x_wconf 93' lang='lat' dir='ltr'>in</span> <span class='ocrx_word' id='word_1_42' title='bbox 1565 559 1867 607; x_wconf 87' lang='lat' dir='ltr'>alterutrum</span> 
     </span>
     <span class='ocr_line' id='line_1_7' title="bbox 183 639 1867 703; baseline 0 -16"><span class='ocrx_word' id='word_1_43' title='bbox 183 642 369 689; x_wconf 88' lang='lat' dir='ltr'>librum</span> <span class='ocrx_word' id='word_1_44' title='bbox 400 640 603 688; x_wconf 85' lang='lat' dir='ltr'>licentia</span> <span class='ocrx_word' id='word_1_45' title='bbox 634 639 1050 700; x_wconf 76' lang='lat' dir='ltr'>interpolatorum</span> <span class='ocrx_word' id='word_1_46' title='bbox 1083 640 1265 687; x_wconf 90' lang='lat' dir='ltr'>inlatos</span> <span class='ocrx_word' id='word_1_47' title='bbox 1300 640 1388 687; x_wconf 91' lang='lat' dir='ltr'>sub</span> <span class='ocrx_word' id='word_1_48' title='bbox 1414 641 1608 687; x_wconf 79' lang='lat' dir='ltr'>textum</span> <span class='ocrx_word' id='word_1_49' title='bbox 1630 641 1867 703; x_wconf 79' lang='lat' dir='ltr'>relegavi,</span> 
     </span>
     <span class='ocr_line' id='line_1_8' title="bbox 184 720 1866 784; baseline -0.001 -14"><span class='ocrx_word' id='word_1_50' title='bbox 184 722 281 770; x_wconf 89' lang='lat' dir='ltr'>nisi</span> <span class='ocrx_word' id='word_1_51' title='bbox 315 721 446 784; x_wconf 90' lang='lat' dir='ltr'>quod</span> <span class='ocrx_word' id='word_1_52' title='bbox 477 721 537 768; x_wconf 90' lang='lat' dir='ltr'>iis</span> <span class='ocrx_word' id='word_1_53' title='bbox 569 720 706 783; x_wconf 88' lang='grc'>10515,</span> <span class='ocrx_word' id='word_1_54' title='bbox 739 721 919 782; x_wconf 88' lang='lat' dir='ltr'>quibus</span> <span class='ocrx_word' id='word_1_55' title='bbox 952 721 1245 769; x_wconf 75' lang='lat' dir='ltr'>manifestae</span> <span class='ocrx_word' id='word_1_56' title='bbox 1280 720 1538 783; x_wconf 71' lang='lat' dir='ltr'>archetypi</span> <span class='ocrx_word' id='word_1_57' title='bbox 1569 721 1777 768; x_wconf 86' lang='lat' dir='ltr'>lacunae</span> <span class='ocrx_word' id='word_1_58' title='bbox 1803 721 1866 768; x_wconf 93' lang='lat' dir='ltr'>ab</span> 
     </span>
     <span class='ocr_line' id='line_1_9' title="bbox 177 801 1867 864; baseline -0.001 -14"><span class='ocrx_word' id='word_1_59' title='bbox 177 801 623 864; x_wconf 89' lang='lat' dir='ltr'>interpolatoribus</span> <span class='ocrx_word' id='word_1_60' title='bbox 656 804 715 849; x_wconf 88' lang='lat' dir='ltr'>ut</span> <span class='ocrx_word' id='word_1_61' title='bbox 746 802 923 864; x_wconf 89' lang='lat' dir='ltr'>cuique</span> <span class='ocrx_word' id='word_1_62' title='bbox 958 803 1045 849; x_wconf 91' lang='lat' dir='ltr'>aut</span> <span class='ocrx_word' id='word_1_63' title='bbox 1075 802 1280 864; x_wconf 88' lang='lat' dir='ltr'>propria</span> <span class='ocrx_word' id='word_1_64' title='bbox 1302 801 1523 850; x_wconf 89' lang='lat' dir='ltr'>inventio</span> <span class='ocrx_word' id='word_1_65' title='bbox 1549 805 1637 849; x_wconf 86' lang='lat' dir='ltr'>aut</span> <span class='ocrx_word' id='word_1_66' title='bbox 1661 802 1867 850; x_wconf 85' lang='lat' dir='ltr'>Homeri</span> 
     </span>
     <span class='ocr_line' id='line_1_10' title="bbox 187 882 1867 947; baseline 0.001 -16"><span class='ocrx_word' id='word_1_67' title='bbox 187 884 404 946; x_wconf 81' lang='lat' dir='ltr'>cognitio</span> <span class='ocrx_word' id='word_1_68' title='bbox 455 883 754 945; x_wconf 87' lang='lat' dir='ltr'>suppetebat</span> <span class='ocrx_word' id='word_1_69' title='bbox 802 883 1026 945; x_wconf 84' lang='lat' dir='ltr'>expletae</span> <span class='ocrx_word' id='word_1_70' title='bbox 1077 886 1212 947; x_wconf 86' lang='lat' dir='ltr'>sunt,</span> <span class='ocrx_word' id='word_1_71' title='bbox 1259 882 1587 930; x_wconf 88' lang='lat' dir='ltr'>Laurentiani</span> <span class='ocrx_word' id='word_1_72' title='bbox 1626 883 1867 932; x_wconf 89' lang='lat' dir='ltr'>lectiones</span> 
     </span>
     <span class='ocr_line' id='line_1_11' title="bbox 178 961 1260 1027; baseline 0.002 -16"><span class='ocrx_word' id='word_1_73' title='bbox 178 963 381 1011; x_wconf 85' lang='lat' dir='ltr'>exhibui</span> <span class='ocrx_word' id='word_1_74' title='bbox 419 964 560 1012; x_wconf 88' lang='lat' dir='ltr'>uncis</span> <span class='ocrx_word' id='word_1_75' title='bbox 600 964 677 1012; x_wconf 90' lang='lat' dir='ltr'>his</span> <span class='ocrx_word' id='word_1_76' title='bbox 718 961 784 1027; x_wconf 72' lang='grc' dir='ltr'>Ξ]</span> <span class='ocrx_word' id='word_1_77' title='bbox 824 966 994 1011; x_wconf 90' lang='lat' dir='ltr'>tamen</span> <span class='ocrx_word' id='word_1_78' title='bbox 1032 963 1260 1013; x_wconf 88' lang='lat' dir='ltr'>inclusas.</span> 
     </span>
    </p>

    <p class='ocr_par' dir='ltr' id='par_1_3' title="bbox 140 1044 1865 1498">
     <span class='ocr_line' id='line_1_12' title="bbox 287 1044 1865 1106; baseline -0.001 -14"><span class='ocrx_word' id='word_1_79' title='bbox 287 1044 495 1093; x_wconf 89' lang='lat' dir='ltr'>Praeter</span> <span class='ocrx_word' id='word_1_80' title='bbox 526 1045 919 1093; x_wconf 88' lang='lat' dir='ltr'>Laurentianum</span> <span class='ocrx_word' id='word_1_81' title='bbox 945 1046 993 1092; x_wconf 84' lang='lat' dir='ltr'><em>L</em></span> <span class='ocrx_word' id='word_1_82' title='bbox 1025 1060 1084 1092; x_wconf 78' lang='lat' dir='ltr'>ex</span> <span class='ocrx_word' id='word_1_83' title='bbox 1115 1045 1378 1093; x_wconf 88' lang='lat' dir='ltr'>meliorum</span> <span class='ocrx_word' id='word_1_84' title='bbox 1408 1044 1650 1092; x_wconf 88' lang='lat' dir='ltr'>librorum</span> <span class='ocrx_word' id='word_1_85' title='bbox 1682 1059 1865 1106; x_wconf 87' lang='lat' dir='ltr'>genere</span> 
     </span>
     <span class='ocr_line' id='line_1_13' title="bbox 177 1120 1864 1188; baseline 0 -16"><span class='ocrx_word' id='word_1_86' title='bbox 177 1125 430 1174; x_wconf 86' lang='lat' dir='ltr'>nonnullis</span> <span class='ocrx_word' id='word_1_87' title='bbox 458 1126 582 1174; x_wconf 90' lang='lat' dir='ltr'>locis</span> <span class='ocrx_word' id='word_1_88' title='bbox 609 1125 814 1174; x_wconf 82' lang='lat' dir='ltr'>adhibui</span> <span class='ocrx_word' id='word_1_89' title='bbox 837 1125 1224 1174; x_wconf 84' lang='lat' dir='ltr'>Ambrosianum</span> <span class='ocrx_word' id='word_1_90' title='bbox 1248 1124 1291 1174; x_wconf 86' lang='lat' dir='ltr'><strong><em>J</em></strong></span> <span class='ocrx_word' id='word_1_91' title='bbox 1312 1127 1343 1173; x_wconf 90' lang='grc'>4</span> <span class='ocrx_word' id='word_1_92' title='bbox 1372 1141 1549 1188; x_wconf 59' lang='lat' dir='ltr'>snper„</span> <span class='ocrx_word' id='word_1_93' title='bbox 1584 1141 1708 1173; x_wconf 91' lang='lat' dir='ltr'>saec.</span> <span class='ocrx_word' id='word_1_94' title='bbox 1726 1120 1864 1187; x_wconf 85' lang='lat' dir='ltr'>XIII,</span> 
     </span>
     <span class='ocr_line' id='line_1_14' title="bbox 148 1199 1864 1276; baseline 0 -22"><span class='ocrx_word' id='word_1_95' title='bbox 148 1271 158 1276; x_wconf 35' lang='lat'>-</span> <span class='ocrx_word' id='word_1_96' title='bbox 178 1199 287 1272; x_wconf 82' lang='lat' dir='ltr'>(J),</span> <span class='ocrx_word' id='word_1_97' title='bbox 312 1206 649 1254; x_wconf 88' lang='lat' dir='ltr'>Laurentiano</span> <span class='ocrx_word' id='word_1_98' title='bbox 676 1206 1000 1267; x_wconf 88' lang='lat' dir='ltr'>simillimum,</span> <span class='ocrx_word' id='word_1_99' title='bbox 1026 1209 1076 1254; x_wconf 94' lang='lat' dir='ltr'>et</span> <span class='ocrx_word' id='word_1_100' title='bbox 1100 1206 1494 1255; x_wconf 86' lang='lat' dir='ltr'>Laurentianum</span> <span class='ocrx_word' id='word_1_101' title='bbox 1517 1206 1641 1267; x_wconf 92' lang='lat' dir='ltr'>plut.</span> <span class='ocrx_word' id='word_1_102' title='bbox 1668 1208 1752 1268; x_wconf 87' lang='lat'>31,</span> <span class='ocrx_word' id='word_1_103' title='bbox 1781 1207 1864 1268; x_wconf 82' lang='lat'>20,</span> 
     </span>
     <span class='ocr_line' id='line_1_15' title="bbox 140 1277 1865 1354; baseline -0.001 -18"><span class='ocrx_word' id='word_1_104' title='bbox 140 1277 145 1281; x_wconf 42' lang='grc'><strong><em>’</em></strong></span> <span class='ocrx_word' id='word_1_105' title='bbox 179 1303 303 1336; x_wconf 90' lang='lat' dir='ltr'>saec.</span> <span class='ocrx_word' id='word_1_106' title='bbox 342 1287 435 1335; x_wconf 90' lang='lat' dir='ltr'>XV</span> <span class='ocrx_word' id='word_1_107' title='bbox 478 1281 600 1354; x_wconf 87' lang='lat' dir='ltr'>(N),</span> <span class='ocrx_word' id='word_1_108' title='bbox 639 1288 725 1351; x_wconf 90' lang='lat' dir='ltr'>qui</span> <span class='ocrx_word' id='word_1_109' title='bbox 765 1303 1065 1351; x_wconf 88' lang='lat' dir='ltr'>quamquam</span> <span class='ocrx_word' id='word_1_110' title='bbox 1106 1287 1379 1350; x_wconf 86' lang='lat' dir='ltr'>scripturas</span> <span class='ocrx_word' id='word_1_111' title='bbox 1418 1287 1552 1335; x_wconf 89' lang='lat' dir='ltr'>haud</span> <span class='ocrx_word' id='word_1_112' title='bbox 1590 1303 1773 1349; x_wconf 87' lang='lat' dir='ltr'>paucas</span> <span class='ocrx_word' id='word_1_113' title='bbox 1806 1303 1865 1334; x_wconf 83' lang='lat' dir='ltr'>ex</span> 
     </span>
     <span class='ocr_line' id='line_1_16' title="bbox 179 1367 1864 1430; baseline -0.001 -14"><span class='ocrx_word' id='word_1_114' title='bbox 179 1368 511 1417; x_wconf 86' lang='lat' dir='ltr'>deterioribus</span> <span class='ocrx_word' id='word_1_115' title='bbox 561 1367 860 1430; x_wconf 86' lang='lat' dir='ltr'>desumpsit,</span> <span class='ocrx_word' id='word_1_116' title='bbox 906 1370 1075 1416; x_wconf 89' lang='lat' dir='ltr'>tamen</span> <span class='ocrx_word' id='word_1_117' title='bbox 1130 1384 1188 1416; x_wconf 86' lang='lat' dir='ltr'>ex</span> <span class='ocrx_word' id='word_1_118' title='bbox 1239 1368 1411 1416; x_wconf 89' lang='lat' dir='ltr'>eodem</span> <span class='ocrx_word' id='word_1_119' title='bbox 1457 1369 1593 1416; x_wconf 90' lang='lat' dir='ltr'>fonte</span> <span class='ocrx_word' id='word_1_120' title='bbox 1640 1368 1769 1415; x_wconf 90' lang='lat' dir='ltr'>unde</span> <span class='ocrx_word' id='word_1_121' title='bbox 1815 1368 1864 1415; x_wconf 84' lang='lat' dir='ltr'><em>L</em></span> 
     </span>
     <span class='ocr_line' id='line_1_17' title="bbox 178 1448 561 1498; baseline 0.003 -2"><span class='ocrx_word' id='word_1_122' title='bbox 178 1448 433 1498; x_wconf 85' lang='lat' dir='ltr'>derivatus</span> <span class='ocrx_word' id='word_1_123' title='bbox 472 1451 561 1498; x_wconf 91' lang='lat' dir='ltr'>est.</span> 
     </span>
    </p>

    <p class='ocr_par' dir='ltr' id='par_1_4' title="bbox 179 1528 1863 1996">
     <span class='ocr_line' id='line_1_18' title="bbox 293 1528 1862 1592; baseline 0.001 -15"><span class='ocrx_word' id='word_1_124' title='bbox 293 1530 509 1578; x_wconf 81' lang='lat' dir='ltr'>Mixtum</span> <span class='ocrx_word' id='word_1_125' title='bbox 542 1529 718 1578; x_wconf 87' lang='lat' dir='ltr'>deinde</span> <span class='ocrx_word' id='word_1_126' title='bbox 751 1531 829 1578; x_wconf 91' lang='lat' dir='ltr'>est</span> <span class='ocrx_word' id='word_1_127' title='bbox 858 1545 1016 1591; x_wconf 90' lang='lat' dir='ltr'>genus</span> <span class='ocrx_word' id='word_1_128' title='bbox 1049 1528 1299 1592; x_wconf 83' lang='lat' dir='ltr'>quoddam</span> <span class='ocrx_word' id='word_1_129' title='bbox 1331 1530 1556 1578; x_wconf 85' lang='lat' dir='ltr'>codicum</span> <span class='ocrx_word' id='word_1_130' title='bbox 1587 1545 1772 1592; x_wconf 87' lang='lat' dir='ltr'>eorum,</span> <span class='ocrx_word' id='word_1_131' title='bbox 1811 1530 1862 1578; x_wconf 90' lang='lat' dir='ltr'>in</span> 
     </span>
     <span class='ocr_line' id='line_1_19' title="bbox 187 1609 1862 1675; baseline 0 -16"><span class='ocrx_word' id='word_1_132' title='bbox 187 1611 366 1674; x_wconf 89' lang='lat' dir='ltr'>quibus</span> <span class='ocrx_word' id='word_1_133' title='bbox 400 1627 512 1658; x_wconf 91' lang='lat' dir='ltr'>cum</span> <span class='ocrx_word' id='word_1_134' title='bbox 542 1610 690 1658; x_wconf 92' lang='lat' dir='ltr'>modo</span> <span class='ocrx_word' id='word_1_135' title='bbox 722 1609 951 1658; x_wconf 89' lang='lat' dir='ltr'>meliores</span> <span class='ocrx_word' id='word_1_136' title='bbox 983 1610 1129 1658; x_wconf 93' lang='lat' dir='ltr'>modo</span> <span class='ocrx_word' id='word_1_137' title='bbox 1163 1610 1434 1659; x_wconf 88' lang='lat' dir='ltr'>deteriores</span> <span class='ocrx_word' id='word_1_138' title='bbox 1468 1614 1754 1675; x_wconf 88' lang='lat' dir='ltr'>sequantur,</span> <span class='ocrx_word' id='word_1_139' title='bbox 1786 1627 1862 1659; x_wconf 89' lang='lat' dir='ltr'>re-</span> 
     </span>
     <span class='ocr_line' id='line_1_20' title="bbox 183 1691 1863 1756; baseline 0.001 -16"><span class='ocrx_word' id='word_1_140' title='bbox 183 1693 348 1740; x_wconf 86' lang='lat' dir='ltr'>censio</span> <span class='ocrx_word' id='word_1_141' title='bbox 382 1708 440 1740; x_wconf 87' lang='lat' dir='ltr'>ex</span> <span class='ocrx_word' id='word_1_142' title='bbox 471 1694 684 1754; x_wconf 90' lang='lat' dir='ltr'>utroque</span> <span class='ocrx_word' id='word_1_143' title='bbox 718 1707 895 1755; x_wconf 87' lang='lat' dir='ltr'>genere</span> <span class='ocrx_word' id='word_1_144' title='bbox 930 1691 1143 1739; x_wconf 87' lang='lat' dir='ltr'>conflata</span> <span class='ocrx_word' id='word_1_145' title='bbox 1183 1694 1273 1741; x_wconf 90' lang='lat' dir='ltr'>est.</span> <span class='ocrx_word' id='word_1_146' title='bbox 1335 1691 1433 1740; x_wconf 81' lang='lat' dir='ltr'>Sed</span> <span class='ocrx_word' id='word_1_147' title='bbox 1463 1693 1641 1740; x_wconf 90' lang='lat' dir='ltr'>horum</span> <span class='ocrx_word' id='word_1_148' title='bbox 1667 1708 1863 1756; x_wconf 90' lang='lat' dir='ltr'>quoque</span> 
     </span>
     <span class='ocr_line' id='line_1_21' title="bbox 181 1772 1862 1836; baseline 0.001 -15"><span class='ocrx_word' id='word_1_149' title='bbox 181 1773 459 1835; x_wconf 89' lang='lat' dir='ltr'>complures</span> <span class='ocrx_word' id='word_1_150' title='bbox 492 1773 758 1835; x_wconf 87' lang='lat' dir='ltr'>interdum,</span> <span class='ocrx_word' id='word_1_151' title='bbox 791 1787 1093 1835; x_wconf 90' lang='lat' dir='ltr'>quamquam</span> <span class='ocrx_word' id='word_1_152' title='bbox 1124 1772 1160 1820; x_wconf 89' lang='lat' dir='ltr'>ii</span> <span class='ocrx_word' id='word_1_153' title='bbox 1191 1772 1291 1821; x_wconf 91' lang='lat' dir='ltr'>loci</span> <span class='ocrx_word' id='word_1_154' title='bbox 1313 1772 1505 1835; x_wconf 89' lang='lat' dir='ltr'>perrari</span> <span class='ocrx_word' id='word_1_155' title='bbox 1530 1775 1660 1836; x_wconf 87' lang='lat' dir='ltr'>sunt,</span> <span class='ocrx_word' id='word_1_156' title='bbox 1692 1776 1862 1822; x_wconf 87' lang='lat' dir='ltr'>tamen</span> 
     </span>
     <span class='ocr_line' id='line_1_22' title="bbox 179 1853 1862 1916; baseline -0.001 -12"><span class='ocrx_word' id='word_1_157' title='bbox 179 1854 285 1904; x_wconf 86' lang='lat' dir='ltr'>veri</span> <span class='ocrx_word' id='word_1_158' title='bbox 316 1853 508 1916; x_wconf 87' lang='lat' dir='ltr'>aliquid</span> <span class='ocrx_word' id='word_1_159' title='bbox 545 1853 882 1915; x_wconf 85' lang='lat' dir='ltr'>retinuerunt,</span> <span class='ocrx_word' id='word_1_160' title='bbox 922 1853 997 1901; x_wconf 92' lang='lat' dir='ltr'>ita</span> <span class='ocrx_word' id='word_1_161' title='bbox 1034 1855 1094 1901; x_wconf 92' lang='lat' dir='ltr'>ut</span> <span class='ocrx_word' id='word_1_162' title='bbox 1132 1854 1405 1916; x_wconf 88' lang='lat' dir='ltr'>scripturas</span> <span class='ocrx_word' id='word_1_163' title='bbox 1438 1868 1610 1902; x_wconf 88' lang='lat' dir='ltr'>eorum</span> <span class='ocrx_word' id='word_1_164' title='bbox 1641 1855 1862 1903; x_wconf 89' lang='lat' dir='ltr'>locorum</span> 
     </span>
     <span class='ocr_line' id='line_1_23' title="bbox 181 1933 1578 1996; baseline 0.001 -14"><span class='ocrx_word' id='word_1_165' title='bbox 181 1934 404 1983; x_wconf 85' lang='lat' dir='ltr'>subicere</span> <span class='ocrx_word' id='word_1_166' title='bbox 445 1934 548 1984; x_wconf 87' lang='lat' dir='ltr'>sive</span> <span class='ocrx_word' id='word_1_167' title='bbox 587 1934 920 1983; x_wconf 86' lang='lat' dir='ltr'>necessarium</span> <span class='ocrx_word' id='word_1_168' title='bbox 959 1934 1062 1983; x_wconf 85' lang='lat' dir='ltr'>sive</span> <span class='ocrx_word' id='word_1_169' title='bbox 1100 1936 1275 1996; x_wconf 88' lang='lat' dir='ltr'>aptum</span> <span class='ocrx_word' id='word_1_170' title='bbox 1312 1933 1578 1984; x_wconf 85' lang='lat' dir='ltr'>videretur.</span> 
     </span>
    </p>

    <p class='ocr_par' dir='ltr' id='par_1_5' title="bbox 178 2014 1862 2968">
     <span class='ocr_line' id='line_1_24' title="bbox 290 2014 1862 2078; baseline 0.001 -16"><span class='ocrx_word' id='word_1_171' title='bbox 290 2015 468 2064; x_wconf 88' lang='lat' dir='ltr'>Paucis</span> <span class='ocrx_word' id='word_1_172' title='bbox 517 2014 726 2078; x_wconf 90' lang='lat' dir='ltr'>denique</span> <span class='ocrx_word' id='word_1_173' title='bbox 774 2017 832 2063; x_wconf 89' lang='lat' dir='ltr'>ut</span> <span class='ocrx_word' id='word_1_174' title='bbox 878 2015 1151 2078; x_wconf 85' lang='lat' dir='ltr'>significem</span> <span class='ocrx_word' id='word_1_175' title='bbox 1197 2031 1347 2077; x_wconf 86' lang='lat' dir='ltr'>quam</span> <span class='ocrx_word' id='word_1_176' title='bbox 1392 2017 1639 2064; x_wconf 88' lang='lat' dir='ltr'>rationem</span> <span class='ocrx_word' id='word_1_177' title='bbox 1677 2016 1730 2064; x_wconf 89' lang='lat' dir='ltr'>in</span> <span class='ocrx_word' id='word_1_178' title='bbox 1767 2017 1862 2065; x_wconf 86' lang='lat' dir='ltr'>hac</span> 
     </span>
     <span class='ocr_line' id='line_1_25' title="bbox 182 2095 1862 2159; baseline 0.001 -15"><span class='ocrx_word' id='word_1_179' title='bbox 182 2095 398 2145; x_wconf 88' lang='lat' dir='ltr'>editione</span> <span class='ocrx_word' id='word_1_180' title='bbox 439 2098 640 2144; x_wconf 90' lang='lat' dir='ltr'>secutus</span> <span class='ocrx_word' id='word_1_181' title='bbox 688 2096 803 2159; x_wconf 87' lang='lat' dir='ltr'>sim,</span> <span class='ocrx_word' id='word_1_182' title='bbox 848 2096 942 2144; x_wconf 89' lang='lat' dir='ltr'>hoc</span> <span class='ocrx_word' id='word_1_183' title='bbox 980 2096 1103 2143; x_wconf 91' lang='lat' dir='ltr'>mihi</span> <span class='ocrx_word' id='word_1_184' title='bbox 1140 2096 1381 2159; x_wconf 88' lang='lat' dir='ltr'>proposui</span> <span class='ocrx_word' id='word_1_185' title='bbox 1427 2097 1712 2159; x_wconf 88' lang='lat' dir='ltr'>consilium,</span> <span class='ocrx_word' id='word_1_186' title='bbox 1762 2113 1862 2145; x_wconf 85' lang='lat' dir='ltr'>non</span> 
     </span>
     <span class='ocr_line' id='line_1_26' title="bbox 178 2175 1860 2241; baseline 0.001 -17"><span class='ocrx_word' id='word_1_187' title='bbox 178 2179 238 2224; x_wconf 90' lang='lat' dir='ltr'>ut</span> <span class='ocrx_word' id='word_1_188' title='bbox 279 2179 474 2225; x_wconf 86' lang='lat' dir='ltr'>textum</span> <span class='ocrx_word' id='word_1_189' title='bbox 526 2175 723 2225; x_wconf 88' lang='lat' dir='ltr'>ederem</span> <span class='ocrx_word' id='word_1_190' title='bbox 775 2177 1052 2241; x_wconf 84' lang='lat' dir='ltr'>levigatum</span> <span class='ocrx_word' id='word_1_191' title='bbox 1106 2180 1157 2225; x_wconf 90' lang='lat' dir='ltr'>et</span> <span class='ocrx_word' id='word_1_192' title='bbox 1208 2177 1516 2241; x_wconf 85' lang='lat' dir='ltr'>integritatis</span> <span class='ocrx_word' id='word_1_193' title='bbox 1564 2178 1724 2240; x_wconf 85' lang='lat' dir='ltr'>specie</span> <span class='ocrx_word' id='word_1_194' title='bbox 1768 2179 1860 2227; x_wconf 86' lang='lat' dir='ltr'>fal—</span> 
     </span>
     <span class='ocr_line' id='line_1_27' title="bbox 180 2258 1860 2323; baseline 0.002 -18"><span class='ocrx_word' id='word_1_195' title='bbox 180 2258 390 2322; x_wconf 87' lang='lat' dir='ltr'>lentem,</span> <span class='ocrx_word' id='word_1_196' title='bbox 429 2258 517 2306; x_wconf 83' lang='lat' dir='ltr'>sed</span> <span class='ocrx_word' id='word_1_197' title='bbox 546 2260 607 2306; x_wconf 90' lang='lat' dir='ltr'>ut</span> <span class='ocrx_word' id='word_1_198' title='bbox 644 2268 815 2306; x_wconf 76' lang='lat' dir='ltr'>eorum</span> <span class='ocrx_word' id='word_1_199' title='bbox 844 2258 1087 2306; x_wconf 85' lang='lat' dir='ltr'>librorum</span> <span class='ocrx_word' id='word_1_200' title='bbox 1120 2259 1206 2322; x_wconf 90' lang='lat' dir='ltr'>qui</span> <span class='ocrx_word' id='word_1_201' title='bbox 1245 2261 1418 2308; x_wconf 81' lang='lat' dir='ltr'>extant</span> <span class='ocrx_word' id='word_1_202' title='bbox 1448 2259 1708 2323; x_wconf 82' lang='lat' dir='ltr'>archetypi</span> <span class='ocrx_word' id='word_1_203' title='bbox 1737 2259 1860 2308; x_wconf 90' lang='lat' dir='ltr'>ima-</span> 
     </span>
     <span class='ocr_line' id='line_1_28' title="bbox 181 2338 1858 2402; baseline 0.002 -17"><span class='ocrx_word' id='word_1_204' title='bbox 181 2338 346 2402; x_wconf 87' lang='lat' dir='ltr'>ginem</span> <span class='ocrx_word' id='word_1_205' title='bbox 397 2341 642 2402; x_wconf 85' lang='lat' dir='ltr'>quantum</span> <span class='ocrx_word' id='word_1_206' title='bbox 686 2339 795 2387; x_wconf 84' lang='lat' dir='ltr'>fieri</span> <span class='ocrx_word' id='word_1_207' title='bbox 839 2341 1008 2401; x_wconf 89' lang='lat' dir='ltr'>posset</span> <span class='ocrx_word' id='word_1_208' title='bbox 1052 2339 1327 2402; x_wconf 83' lang='lat' dir='ltr'>legentium</span> <span class='ocrx_word' id='word_1_209' title='bbox 1374 2339 1529 2389; x_wconf 87' lang='lat' dir='ltr'>oculis</span> <span class='ocrx_word' id='word_1_210' title='bbox 1569 2339 1858 2389; x_wconf 86' lang='lat' dir='ltr'>subicerem.</span> 
     </span>
     <span class='ocr_line' id='line_1_29' title="bbox 179 2419 1860 2484; baseline 0.001 -17"><span class='ocrx_word' id='word_1_211' title='bbox 179 2419 357 2481; x_wconf 85' lang='lat' dir='ltr'>Itaque</span> <span class='ocrx_word' id='word_1_212' title='bbox 405 2434 532 2482; x_wconf 90' lang='lat' dir='ltr'>quae</span> <span class='ocrx_word' id='word_1_213' title='bbox 578 2419 849 2482; x_wconf 84' lang='lat' dir='ltr'>archetypo</span> <span class='ocrx_word' id='word_1_214' title='bbox 895 2420 974 2467; x_wconf 89' lang='lat' dir='ltr'>illi</span> <span class='ocrx_word' id='word_1_215' title='bbox 1019 2419 1246 2468; x_wconf 85' lang='lat' dir='ltr'>adhaesit</span> <span class='ocrx_word' id='word_1_216' title='bbox 1282 2420 1484 2484; x_wconf 86' lang='lat' dir='ltr'>farrago</span> <span class='ocrx_word' id='word_1_217' title='bbox 1523 2435 1756 2469; x_wconf 84' lang='lat' dir='ltr'>versuum</span> <span class='ocrx_word' id='word_1_218' title='bbox 1796 2420 1860 2468; x_wconf 89' lang='lat' dir='ltr'>ab</span> 
     </span>
     <span class='ocr_line' id='line_1_30' title="bbox 180 2498 1860 2562; baseline 0.001 -14"><span class='ocrx_word' id='word_1_219' title='bbox 180 2500 242 2548; x_wconf 88' lang='lat' dir='ltr'>iis</span> <span class='ocrx_word' id='word_1_220' title='bbox 287 2499 562 2547; x_wconf 82' lang='lat' dir='ltr'>inlatorum</span> <span class='ocrx_word' id='word_1_221' title='bbox 608 2499 695 2560; x_wconf 90' lang='lat' dir='ltr'>qui</span> <span class='ocrx_word' id='word_1_222' title='bbox 741 2498 952 2548; x_wconf 83' lang='lat' dir='ltr'>diversis</span> <span class='ocrx_word' id='word_1_223' title='bbox 997 2500 1307 2562; x_wconf 87' lang='lat' dir='ltr'>temporibus</span> <span class='ocrx_word' id='word_1_224' title='bbox 1345 2501 1483 2550; x_wconf 85' lang='lat' dir='ltr'>varie</span> <span class='ocrx_word' id='word_1_225' title='bbox 1529 2501 1620 2549; x_wconf 90' lang='lat' dir='ltr'>hoc</span> <span class='ocrx_word' id='word_1_226' title='bbox 1659 2516 1860 2549; x_wconf 89' lang='lat' dir='ltr'>carmen</span> 
     </span>
     <span class='ocr_line' id='line_1_31' title="bbox 179 2579 1859 2643; baseline -0.001 -12"><span class='ocrx_word' id='word_1_227' title='bbox 179 2581 503 2642; x_wconf 80' lang='lat' dir='ltr'>vexaverunt,</span> <span class='ocrx_word' id='word_1_228' title='bbox 543 2594 653 2628; x_wconf 88' lang='lat' dir='ltr'>eam</span> <span class='ocrx_word' id='word_1_229' title='bbox 692 2593 886 2628; x_wconf 79' lang='lat' dir='ltr'>omnem</span> <span class='ocrx_word' id='word_1_230' title='bbox 915 2579 1048 2628; x_wconf 86' lang='lat' dir='ltr'>inter</span> <span class='ocrx_word' id='word_1_231' title='bbox 1077 2582 1254 2642; x_wconf 89' lang='lat' dir='ltr'>poetae</span> <span class='ocrx_word' id='word_1_232' title='bbox 1284 2581 1443 2643; x_wconf 80' lang='lat' dir='ltr'>ipsius</span> <span class='ocrx_word' id='word_1_233' title='bbox 1473 2581 1627 2630; x_wconf 89' lang='lat' dir='ltr'>verba</span> <span class='ocrx_word' id='word_1_234' title='bbox 1657 2581 1859 2630; x_wconf 82' lang='lat' dir='ltr'>retinui.</span> 
     </span>
     <span class='ocr_line' id='line_1_32' title="bbox 181 2661 1858 2725; baseline -0.001 -14"><span class='ocrx_word' id='word_1_235' title='bbox 181 2662 405 2720; x_wconf 82' lang='lat' dir='ltr'>Quorum</span> <span class='ocrx_word' id='word_1_236' title='bbox 442 2670 677 2710; x_wconf 80' lang='lat' dir='ltr'>versuum</span> <span class='ocrx_word' id='word_1_237' title='bbox 717 2672 1016 2724; x_wconf 83' lang='lat' dir='ltr'>quamquam</span> <span class='ocrx_word' id='word_1_238' title='bbox 1053 2661 1187 2710; x_wconf 88' lang='lat' dir='ltr'>haud</span> <span class='ocrx_word' id='word_1_239' title='bbox 1224 2675 1410 2723; x_wconf 85' lang='lat' dir='ltr'>parvus</span> <span class='ocrx_word' id='word_1_240' title='bbox 1448 2675 1685 2711; x_wconf 87' lang='lat' dir='ltr'>numerus</span> <span class='ocrx_word' id='word_1_241' title='bbox 1714 2678 1858 2725; x_wconf 86' lang='lat' dir='ltr'>prae-</span> 
     </span>
     <span class='ocr_line' id='line_1_33' title="bbox 185 2738 1861 2806; baseline 0 -14"><span class='ocrx_word' id='word_1_242' title='bbox 185 2743 357 2792; x_wconf 87' lang='lat' dir='ltr'>sertim</span> <span class='ocrx_word' id='word_1_243' title='bbox 387 2743 440 2791; x_wconf 89' lang='lat' dir='ltr'>in</span> <span class='ocrx_word' id='word_1_244' title='bbox 469 2742 635 2805; x_wconf 90' lang='lat' dir='ltr'>priore</span> <span class='ocrx_word' id='word_1_245' title='bbox 671 2738 843 2804; x_wconf 89' lang='lat' dir='ltr'>epyllii</span> <span class='ocrx_word' id='word_1_246' title='bbox 871 2744 1016 2805; x_wconf 88' lang='lat' dir='ltr'>parte</span> <span class='ocrx_word' id='word_1_247' title='bbox 1047 2742 1121 2791; x_wconf 86' lang='lat' dir='ltr'>ita</span> <span class='ocrx_word' id='word_1_248' title='bbox 1150 2745 1318 2805; x_wconf 84' lang='lat' dir='ltr'>potest</span> <span class='ocrx_word' id='word_1_249' title='bbox 1349 2743 1680 2806; x_wconf 84' lang='lat' dir='ltr'>exterminari,</span> <span class='ocrx_word' id='word_1_250' title='bbox 1711 2747 1769 2792; x_wconf 91' lang='lat' dir='ltr'>ut</span> <span class='ocrx_word' id='word_1_251' title='bbox 1801 2760 1861 2793; x_wconf 88' lang='lat' dir='ltr'>ea</span> 
     </span>
     <span class='ocr_line' id='line_1_34' title="bbox 182 2813 1859 2887; baseline -0.001 -14"><span class='ocrx_word' id='word_1_252' title='bbox 182 2824 522 2873; x_wconf 85' lang='lat' dir='ltr'>additamenta</span> <span class='ocrx_word' id='word_1_253' title='bbox 561 2823 605 2873; x_wconf 85' lang='lat' dir='ltr'>si</span> <span class='ocrx_word' id='word_1_254' title='bbox 644 2823 938 2887; x_wconf 84' lang='lat' dir='ltr'>detruseris,</span> <span class='ocrx_word' id='word_1_255' title='bbox 985 2823 1260 2886; x_wconf 77' lang='lat' dir='ltr'>genuinum</span> <span class='ocrx_word' id='word_1_256' title='bbox 1297 2838 1421 2886; x_wconf 88' lang='lat' dir='ltr'>opus</span> <span class='ocrx_word' id='word_1_257' title='bbox 1459 2813 1643 2873; x_wconf 79' lang='grc'>17515115</span> <span class='ocrx_word' id='word_1_258' title='bbox 1679 2827 1859 2887; x_wconf 88' lang='lat' dir='ltr'>poetae</span> 
     </span>
     <span class='ocr_line' id='line_1_35' title="bbox 183 2903 1858 2968; baseline 0 -15"><span class='ocrx_word' id='word_1_259' title='bbox 183 2904 507 2967; x_wconf 88' lang='lat' dir='ltr'>simplicitate</span> <span class='ocrx_word' id='word_1_260' title='bbox 533 2919 589 2952; x_wconf 86' lang='lat' dir='ltr'>ac</span> <span class='ocrx_word' id='word_1_261' title='bbox 614 2903 863 2953; x_wconf 85' lang='lat' dir='ltr'>suavitate</span> <span class='ocrx_word' id='word_1_262' title='bbox 886 2903 1080 2968; x_wconf 82' lang='lat' dir='ltr'>insigne</span> <span class='ocrx_word' id='word_1_263' title='bbox 1097 2903 1392 2964; x_wconf 16' lang='lat' dir='ltr'>*enucleetur</span> <span class='ocrx_word' id='word_1_264' title='bbox 1413 2919 1571 2966; x_wconf 87' lang='lat' dir='ltr'>neque</span> <span class='ocrx_word' id='word_1_265' title='bbox 1589 2904 1858 2968; x_wconf 86' lang='lat' dir='ltr'>quidquam</span> 
     </span>
    </p>
   </div>
  </div>
 </body>
</html>
