2038 3140
115 136 403 170 OONVIVIVM
442 133 674 167 ATTmVM
786 142 847 149 —
930 113 998 166 87
1079 142 1150 149 -

116 251 352 301 Cicerone
393 251 452 299 de
491 253 594 299 nat.
618 251 750 300 deor.
774 249 980 297 11111:
1023 243 1132 297 ‘has
1173 248 1350 298 Graeci
1389 249 1563 298 stellas
1603 250 1807 312 Hyadas

115 335 335 384 vocitare
391 327 641 394 suerunt'3
697 331 776 380 cui
822 331 990 380 versui
1035 345 1095 378 ex
1140 330 1340 379 Arateis
1388 330 1491 379 suis
1548 330 1808 393 desumpto

118 414 277 463 addit:
310 410 487 463 ‘nostri
510 413 740 475 imperite
767 412 1032 473 suculaS,
1066 412 1208 473 quasi
1233 427 1262 459 a
1287 412 1469 460 subus
1498 405 1599 474 [ὗς]
1628 415 1809 475 essent,

117 510 215 546 non
250 495 312 543 ab
351 494 647 542 imbribus
690 486 838 559 [ὕειν]
879 487 1198 542 nominatae'.
1260 492 1399 541 Idem
1430 494 1650 541 testatur
1681 493 1807 542 Plin.

117 576 175 625 N.
209 576 270 624 H.
303 575 475 623 XVIII
507 575 627 623 247.
690 568 760 624 V.
795 567 893 622 80.
947 572 1258 622 Adverbium
1289 570 1485 636 ἀναμίξ,
1517 590 1613 636 quo
1645 575 1808 623 Matro

118 658 292 720 utitur,
332 657 394 704 ab
432 655 651 703 Homero
693 655 911 703 alienum
950 657 1048 714 est,
1088 654 1174 715 qui
1214 654 1475 717 quinquies
1514 655 1666 703 habet
1706 652 1809 703 ἐπι-

117 737 221 801 μίξ,
268 741 347 786 ter
392 738 464 785 ita
510 739 568 784 ut
615 738 975 798 componantur
1022 733 1192 783 ἵπποι
1239 737 1289 782 et
1335 731 1512 799 ἄνδρες
1549 737 1631 784 vel
1670 734 1814 784 αὐτοί

116 813 197 886 (Φ
223 821 304 880 16,
353 820 410 865 Ψ
437 820 565 879 242;
606 820 657 864 Λ
682 810 829 883 525).
908 815 1094 873 Quodsi
1124 815 1341 878 parodus
1374 817 1438 863 ad
1478 814 1648 865 ἴπποι
1683 817 1810 864 illud

114 900 343 948 alludens
393 898 513 947 dicit
560 896 874 962 ἵππουροι,
923 897 1007 946 vix
1052 899 1220 958 potest
1265 895 1485 944 dubitari
1524 897 1644 959 quin
1689 898 1808 946 locis

115 980 217 1028 illis
264 980 444 1042 legerit
490 975 704 1041 ἀναμίξ.
782 979 892 1027 Iam
936 995 981 1026 v.
1026 979 1094 1026 60
1142 976 1317 1042 σαργοί
1359 977 1647 1026 felicissimo
1694 978 1809 1026 lusu

115 1059 489 1109 commemorati
535 1062 673 1121 sunt;
726 1059 897 1121 itaque
946 1058 1158 1106 alteram
1202 1059 1366 1120 recepi
1412 1059 1649 1109 Meinekii
1695 1074 1807 1107 con-

115 1142 371 1189 iecturam.
448 1133 518 1190 V.
561 1133 658 1188 81.
727 1140 1010 1201 Mormyrus
1058 1138 1211 1187 etiam
1249 1138 1575 1189 Archestrato
1614 1140 1672 1189 fr.
1715 1140 1808 1188 LII

115 1220 266 1280 κακὸς
305 1219 451 1284 ἰχθὺς
489 1217 607 1269 οὐδέ
644 1215 751 1268 ποτ’
795 1218 985 1278 ἐσθλός.
1063 1213 1131 1268 V.
1173 1213 1267 1269 88.
1307 1220 1471 1268 Matro
1510 1222 1551 1267 B
1594 1223 1697 1270 703
1737 1221 1810 1269 le-

113 1304 250 1367 gisse
289 1302 489 1352 videtur
528 1299 595 1349 οὐ
635 1299 751 1364 μὴν
791 1296 914 1350 οὐδ’
953 1301 1002 1349 οἳ
1038 1297 1243 1363 ἄναρχοι
1281 1297 1411 1348 ἕσαν.
1473 1295 1540 1349 V.
1574 1295 1654 1349 90
1686 1317 1808 1350 non-

115 1385 236 1432 dum
289 1385 587 1444 persanatus
643 1386 735 1430 est.
811 1382 1030 1444 Egregie
1078 1381 1277 1443 quidem
1323 1381 1599 1432 Meinekius
1650 1382 1805 1447 γλυκὺ

114 1467 292 1512 πνεῖον
359 1462 443 1523 (cf.
485 1461 515 1510 ὃ
553 1463 659 1510 446
701 1457 800 1524 ἡδὺ
841 1460 969 1524 μάλα
1006 1461 1301 1524 πνείουσαν,
1349 1461 1378 1509 ὃ
1418 1464 1522 1511 567
1573 1463 1805 1528 ζεφύροιο

115 1544 225 1610 λιγὺ
265 1537 569 1610 πνείοντος),
609 1543 696 1590 sed
732 1543 917 1605 ubique
957 1543 1091 1605 apud
1129 1543 1403 1590 Homerum
1442 1544 1640 1605 syllaba
1679 1561 1804 1607 quae

83 1616 86 1620 ¹
116 1628 234 1675 ante
273 1624 458 1674 πνείειν
495 1623 751 1686 praecedit
791 1623 845 1671 in
884 1624 985 1673 arsi
1024 1626 1122 1681 est,
1171 1639 1319 1686 quem
1356 1639 1503 1672 usum
1542 1640 1605 1674 ne
1643 1625 1807 1675 Matro

116 1707 318 1770 quidem
347 1705 516 1767 potuit
545 1705 826 1768 neglegere.
888 1704 1094 1754 Accedit
1129 1706 1260 1767 quod
1298 1702 1453 1769 ἀγχοῦ
1491 1721 1652 1768 neque
1692 1710 1810 1768 apte

114 1790 284 1850 potest
316 1785 554 1848 explicari
583 1801 743 1848 neque
777 1785 910 1847 apud
931 1786 1208 1836 Homerum
1233 1786 1447 1834 occurrit
1469 1786 1567 1834 nisi
1588 1787 1807 1848 primum

115 1869 294 1931 pedem
342 1881 601 1929 occupans,
678 1866 902 1929 Denique
943 1882 1117 1916 vereor
1161 1869 1220 1914 ut
1266 1863 1442 1931 χρυσὸς
1496 1868 1683 1916 mutari
1730 1867 1811 1916 de-

114 1951 252 2010 beat,
294 1965 406 1998 cum
444 1949 508 1996 ad
546 1962 754 1996 aureum
793 1947 979 2009 sinapis
1019 1948 1234 1996 colorem
1271 1948 1519 2009 pertinere
1561 1947 1804 1998 videatur.

116 2023 186 2080 V.
220 2022 318 2078 91.
372 2027 614 2076 Lacrimis
662 2042 787 2090 quas
835 2027 1019 2090 sinapis
1066 2028 1387 2076 acrimoniam
1434 2028 1533 2077 sibi
1580 2028 1806 2077 elicuisse

115 2109 276 2173 fingit,
307 2109 372 2157 ad
401 2110 755 2170 paupertatem,
781 2122 924 2156 suam
945 2107 1323 2156 ‘describendam
1352 2108 1592 2171 abutitur,
1623 2124 1809 2170 pernae

117 2189 251 2238 enim
290 2192 342 2237 et
381 2187 543 2249 sinapi
582 2187 790 2250 opponit
828 2187 1132 2236 cotidianum
1171 2202 1316 2235 suum
1353 2187 1562 2251 victum,
1606 2204 1807 2239 caseum

116 2273 170 2319 et
209 2285 400 2333 panem.
466 2268 595 2326 Quid
633 2269 803 2316 autem
841 2267 937 2316 sibi
970 2268 1094 2318 velit
1123 2267 1267 2329 panis
1300 2268 1557 2330 epitheton
1587 2266 1808 2335 ὀτρηρός,

112 2354 176 2406 vut
221 2342 275 2400 in
319 2351 426 2399 loco
473 2349 706 2398 mutilato
753 2364 854 2397 non
899 2347 1118 2411 expedio.
1195 2347 1487 2398 Rectissime
1530 2367 1648 2400 vero
1687 2351 1808 2400 Kai-

117 2432 282 2481 belius
320 2430 561 2480 iudicavit
599 2429 753 2479 verba
791 2430 921 2496 τυρῷ
961 2427 1043 2477 δεῖ
1072 2430 1444 2491 transponenda
1483 2446 1614 2495 esse,
1660 2432 1811 2480 nimi-

118 2528 233 2560 rum
269 2527 332 2560 ne
371 2525 548 2561 versus
587 2523 793 2559 caesura
830 2511 946 2572 post
982 2509 1189 2559 tertium
1226 2510 1404 2572 pedem
1443 2512 1578 2574 apud
1614 2515 1810 2562 veteres

117 2595 295 2655 poetas
347 2592 575 2641 inaudita
627 2589 905 2639 dirimatur.
981 2583 1050 2639 V.
1090 2583 1168 2639 93
1224 2591 1482 2641 ineuntem
1533 2593 1811 2642 certissima

118 2673 465 2723 emendatione
502 2669 824 2731 Paessensius
863 2670 1073 2720 sanavit.
1133 2670 1243 2720 Hoc
1282 2678 1481 2736 quoque
1517 2688 1668 2723 versu
1707 2673 1811 2722 Ma-

118 2754 278 2803 tronis
333 2753 585 2816 exemplar
632 2751 805 2799 Iliadis
852 2766 883 2799 a
925 2750 1112 2800 nostris
1157 2751 1305 2813 ‚libris
1359 2752 1689 2815 discrepuisse
1734 2755 1808 2804 vi-

109 2835 291 2898 ,detur3
322 2835 509 2900 legisse
539 2833 673 2882 enim
702 2830 943 2894 paredum
966 2832 1025 2879 H
1046 2833 1148 2881 102
1175 2830 1303 2891 Αἴας
1334 2827 1381 2883 δ’
1417 2830 1507 2898 οὐχ
1529 2831 1810 2899 ὑπέμεινε

0 2914 11 2983 l

110 2909 193 2981 (δ’
239 2909 394 2964 οὐκέτ’
439 2911 609 2978 ἔμιμνε
654 2912 772 2961 libri
818 2906 1010 2978 omnes)
1058 2927 1116 2961 eo
1158 2914 1343 2963 certius
1390 2914 1508 2964 licet
1554 2916 1808 2980 affirmari,
