2038 3140
63 130 349 164 OONVIVIVM
386 128 619 162 ATTICVM
733 138 794 145 —
877 109 942 159 77
1029 138 1088 144 —

62 240 153 314 (of.
193 245 430 310 λιπαροὺς
467 243 625 303 πόδας
664 247 715 294 et
749 242 1092 308 κρατερώνυχα
1123 238 1315 311 χεῖραγ.)
1379 239 1447 296 V.
1482 239 1558 293 29
1592 246 1753 294 adhuc

61 330 254 376 certam
293 327 545 375 desiderat
580 326 994 388 emendationem3
1036 325 1275 388 Scaligeri
1306 327 1439 375 enim
1471 327 1755 376 coniectura

62 405 185 456 ἀασε
233 405 286 457 δὲ
328 409 388 457 Φ.
430 402 499 455 'A.
538 408 620 457 vix
676 408 906 469 cuiquam
953 407 1218 455 suffecerit.
1304 408 1446 472 Nego
1494 409 1627 456 enim
1682 408 1752 456 sio

62 490 160 537 diei
205 505 349 551 posse
397 489 580 537 omisso
630 489 823 538 obiecto
871 483 953 550 ἐμέ
1004 488 1087 536 vel
1139 485 1198 551 με’
1252 504 1343 537 neo
1388 504 1592 551 prorsus
1641 505 1751 538 eon-

63 570 200 619 venit
254 570 544 619 sententiae.
628 571 731 619 Nee
782 571 940 632 magis
987 571 1155 632 placet
1204 570 1419 619 Peltzeri
1472 572 1752 620 coniectura

61 649 204 700 ἔασεν
248 652 308 698 Φ.
342 646 435 713 Ἀ.,
482 666 607 713 quae
646 667 708 700 ne
747 652 855 700 loco
895 651 1095 713 quidem
1133 650 1158 709 ξ
1198 652 1304 700 443
1346 654 1514 714 potest
1552 652 1752 700 defendi

62 729 181 790 θεὸς
221 728 273 780 δὲ
310 730 363 780 τὸ
410 728 499 795 μὲν
547 729 716 794 δώσει,
770 730 822 780 τὸ
870 727 918 780 δ’
964 729 1106 780 ἐάσει.
1190 732 1514 781 Paessensius
1570 734 1750 782 collato

63 816 96 863 Ι
138 815 245 862 564
301 812 376 862 ὅτε
426 831 511 875 μιν
558 810 785 878 ἑκάεργος
831 810 1106 878 ἀνήρπασε
1135 814 1322 877 Φοῖβος
1362 809 1612 862 Ἀπόλλων
1659 815 1751 863 hoo

60 911 257 958 quoque
304 895 411 944 loco
466 910 556 956 pro
612 893 742 942 εἴασε
795 895 1003 943 coniecit
1057 891 1310 958 ἀνήρπασε
1362 894 1504 942 nulla
1557 895 1749 942 littera-

61 994 173 1025 rum
197 975 521 1025 similitudine
554 975 768 1023 adiutus.
823 975 949 1023 Mihi
979 976 1117 1024 loeus
1150 975 1236 1023 ille
1268 975 1571 1024 clarissimus
1596 991 1750 1024 reme-

61 1058 199 1106 dium
251 1058 436 1106 habere
489 1057 690 1106 videtur
743 1073 842 1119 quo
896 1057 1030 1106 Iovis
1084 1057 1226 1105 iussu
1277 1057 1461 1118 Apollo
1514 1059 1752 1105 narratur

62 1138 395 1200 Sarpedonem
435 1141 688 1186 mortuum
729 1154 788 1186 ex
819 1138 925 1186 acie
956 1138 1234 1199 sustulisse,
1268 1139 1326 1185 H
1353 1139 1459 1188 678
1492 1136 1667 1186 αὐτίκα
1699 1133 1746 1186 δ’

59 1217 122 1267 ἐκ
152 1216 371 1283 βελέων
401 1217 708 1282 Σαρπηδόνα
748 1217 858 1266 δῖον
897 1215 1099 1281 ἀείρας
1128 1216 1221 1268 κτὲ.
1254 1219 1314 1268 cf.
1342 1219 1516 1283 P588,
1556 1220 1748 1270 52583.

59 1299 238 1362 Itaque
279 1300 455 1362 scripsi
493 1297 622 1364 ἄειρε
656 1295 708 1347 δὲ
742 1300 801 1348 Φ.
822 1293 904 1361 Ἀ.,
944 1300 1030 1348 sed
1060 1300 1134 1349 ita
1162 1302 1222 1348 ut
1253 1300 1333 1349 dei
1363 1301 1562 1350 nomine
1592 1317 1749 1350 unum

59 1397 87 1430 e
135 1381 355 1430 convivis
402 1381 674 1443 significari
720 1381 1070 1430 existimarem.
1176 1375 1246 1430 V.
1288 1375 1385 1431 31.
1447 1382 1747 1431 Adscriben-

59 1462 292 1514 dumest
323 1463 566 1511 Matronis
597 1463 770 1511 Iliadis
810 1462 1061 1524 exemplar
1092 1477 1263 1510 eorum
1296 1478 1502 1511 numero
1535 1478 1660 1524 quae
1695 1463 1748 1510 Ω,

62 1544 167 1591 724
207 1541 508 1606 ἱπποδάμοιο
546 1543 735 1591 habent
763 1537 854 1604 p'ro
886 1539 1221 1607 ἀνδροφόνοιο
1255 1536 1398 1609 (DL,
1436 1543 1573 1607 Pap,
1604 1544 1746 1593 Vrat.

60 1625 102 1683 b,
141 1621 191 1670 A
231 1618 510 1691 Laroehii)‚
558 1623 691 1686 quod
728 1623 988 1672 Kaibelius
1028 1640 1225 1687 quoque
1272 1625 1502 1674 advertit.
1578 1619 1746 1675 Ἱππο-

0 1725 4 1732 »
39 1704 261 1767 ,δάμοιοε
302 1700 664 1768 ‘generosiores
701 1705 861 1767 pisces
899 1705 1078 1755 festive
1116 1708 1174 1754 ut
1211 1706 1403 1755 nobiles
1442 1706 1635 1768 equites
1674 1708 1747 1756 in-

59 1781 231 1834 ducit'.
309 1785 822 1848 Schweighaeuserus.
921 1785 1187 1835 Certamen
1233 1786 1366 1850 quod
1424 1790 1574 1849 poeta
1634 1805 1747 1838 cum

63 1865 310 1916 Stratocle
343 1883 396 1916 se
427 1866 662 1915 habuisse
700 1867 863 1931 fingit,
902 1867 972 1915 sic
1010 1868 1211 1930 quidam
1248 1869 1570 1931 interpretati
1607 1874 1743 1920 sunt:

59 1962 173 1995 eum
211 1948 426 2010 appositi
464 1951 634 1998 essent
670 1949 908 1997 rhombus
949 1951 1000 1997 et
1037 1950 1250 2011 mullus,
1288 1950 1550 2012 priorem
1580 1951 1744 2001 Matre

60 2042 331 2091 aggressus
370 2032 464 2085 est,
503 2029 592 2078 sed
623 2030 848 2092 abripuit
877 2031 1082 2094 Ap01103
1118 2032 1221 2080 iam
1259 2047 1314 2080 se
1351 2031 1404 2079 in
1443 2031 1746 2082 Stratoclem

0 2133 28 2166 9
57 2110 304 2158 convertit
343 2110 489 2158 mulli
526 2113 679 2172 eaput
713 2111 945 2160 manibus
974 2113 1227 2160 tenentem
1263 2111 1501 2160 nimirum
1537 2113 1743 2162 mandu-

0 2204 3 2260 ἶ
59 2193 270 2253 cantem,
309 2190 442 2252 quod
480 2206 541 2239 ex
575 2190 687 2253 ipso
719 2206 805 2240 ore
836 2191 1051 2253 eripiens
1081 2192 1261 2252 guttur
1289 2191 1427 2241 illius
1458 2179 1744 2244 insatiabile

0 2271 6 2306 Γ
57 2270 239 2343 laesia
283 2270 377 2319 Sed
417 2276 474 2338 τῇ
514 2267 568 2319 δὲ
608 2265 677 2337 (v.
709 2265 803 2336 28)
849 2287 949 2322 non
994 2274 1171 2335 potest,
1206 2272 1387 2320 referri
1425 2273 1489 2321 ad
1526 2274 1744 2336 priorem

0 2366 6 2395 i
58 2356 278 2414 ψῆτταν,
322 2351 473 2400 immo
520 2352 838 2400 referendum
887 2354 966 2401 est
1010 2353 1075 2401 ad
1117 2351 1329 2418 τρὺγλην.
1413 2354 1608 2405 Deinde
1650 2373 1741 2419 pro

0 2465 3 2475 =
59 2432 252 2497 τρίγλης
288 2433 486 2482 nomine
508 2426 594 2500 .(v.
629 2426 724 2498 31)
762 2434 971 2483 alterius
1009 2434 1159 2496 piscis
1190 2435 1494 2486 mentionem
1527 2438 1742 2502 requiro,

0 2508 4 2579 ’ἰ
60 2513 200 2563 euius
255 2517 435 2577 eaput
487 2514 541 2563 in
587 2514 777 2564 deliciis
828 2515 1129 2578 habebatur,
1182 2516 1237 2565 id
1285 2517 1419 2580 quod
1471 2518 1532 2566 de
1583 2519 1742 2569 mullo

0 2617 13 2634 ·-
49 2594 265 2644 'minime
304 2598 515 2644 constat.
591 2595 817 2658 Denique
854 2596 986 2646 inter
1022 2613 1070 2647 v.
1101 2599 1167 2646 31
1212 2599 1265 2646 et
1303 2599 1372 2647 32
1420 2598 1530 2647 hiat
1568 2599 1740 2649 oratio.

59 2666 130 2725 V.
163 2669 240 2725 33
255 2692 328 2740 sq.
372 2676 607 2743 Summus
638 2677 805 2739 sepiae
842 2676 1084 2727 tribuitur
1114 2678 1274 2727 honor
1303 2678 1531 2731 Thetidis
1564 2694 1742 2743 eogno-

57 2754 212 2818 mine3
259 2761 446 2820 quanto
493 2757 626 2807 enim
670 2758 723 2806 in
767 2757 929 2820 pretio
970 2758 1127 2808 fuerit
1162 2759 1310 2809 docet
1346 2759 1526 2822 Eriphi
1560 2760 1620 2810 fr.
1660 2777 1740 2824 ap.

57 2834 173 2886 Ath„
213 2836 313 2887 VII
350 2839 455 2889 302
474 2854 523 2901 ος
561 2838 613 2887 Π
647 2838 753 2887 429
794 2837 955 2888 Kook:
1001 2844 1152 2888 ταῦτα
1188 2837 1282 2905 γὰρ
1321 2839 1374 2889 οἱ
1405 2837 1609 2904 πένητες
1647 2840 1740 2892 οὐκ

59 2910 244 2979 ἔχοντες
274 2914 515 2984 ἀγοράσαι
547 2913 556 2984 Ι
591 2959 601 2969 .
627 2959 638 2969 .
665 2959 674 2969 .
700 2914 818 2968 οὐδὲ
849 2917 1046 2983 σηπίας,
1083 2917 1143 2979 ἃς
1173 2916 1292 2970 οὐδὲ
1329 2920 1554 2987 μάκαρας
1589 2920 1737 2989 ὑπερ-
