2038 3140
70 265 108 296 X

50 675 110 707 XI.

138 140 423 173 FR.1x—xn
775 154 843 160 —
926 124 1029 177 145
1110 155 1171 161 —

139 294 1133 308 ....................
1177 254 1263 308 ἐπὶ
1300 259 1514 325 θερμὸν
1831 277 1904 315 (ιι)

137 343 380 409 τήγανον
419 341 792 409 ἐμβληθεῖσαν
831 344 982 412 ἄφαρ
1023 346 1284 408 σίζουσαν
1324 344 1559 414 ἀφαίρει.

139 428 350 496 <εὐθὺς
387 430 498 500 γὰρ,
532 432 721 498 κείνη)
759 431 1009 501 καθάπερ
1049 432 1310 485 τοῦλαιον
1349 431 1439 501 ἅμ’
1477 429 1639 501 ἧπται

137 515 227 570 καὶ
267 519 411 580 σίζει.

139 665 237 717 τὸν
278 659 329 716 δ’
374 659 523 717 ἔλοπ’
561 666 692 718 ἔσθε
733 666 966 733 μάλιστα
1005 668 1392 734 Συρακούσαις
1430 666 1514 720 ε’νὶ
1550 673 1907 734 κλειναῖς,(ι9)

138 754 236 805 τόν
275 772 337 821 γε
374 751 814 822 κρατιστεύονθ’·
856 750 1017 816 οὗτος
1055 756 1159 822 γὰρ
1201 750 1271 807 αὖ
1311 755 1460 807 ἐστιν
1499 746 1716 808 ἐκεῖθεν

139 841 241 908 τὴν
281 841 455 910 ἀρχὴν
495 842 763 909 γεγονώς,
804 839 943 894 ὥσθ’
982 838 1126 910 ἡνίκ’
1163 841 1231 894 ἂν
1269 842 1301 910 ἢ
1342 842 1465 911 περὶ
1504 846 1709 911 νήσους

139 928 173 997 ἢ
213 927 337 998 περὶ
376 930 477 997 τὴν
512 926 700 997 Ἀσίην
740 947 848 981 που
889 929 1001 1002 ἁλῷ
1042 938 1148 998 γῆν
1187 930 1219 998 ἢ
1258 929 1383 998 περὶ
1422 932 1672 999 Κρήτην,

142 1019 334 1080 λεπτὸς
371 1016 462 1070 καὶ
502 1018 720 1085 στερεὸς
757 1015 851 1069 καὶ
888 1018 1238 1086 κυματοπλὴξ
1278 1018 1598 1087 ἀφικνεῖται.

140 1166 469 1234 χρύσοφρυν
508 1163 562 1227 ἐξ
597 1161 833 1230 Ἐφέσου
871 1165 969 1216 τὸν
1006 1166 1174 1216 πίονα
1212 1166 1284 1234 μὴ
1325 1165 1647 1233 παράλειπε,
1837 1183 1911 1221 (47)

143 1252 210 1305 ὃν
247 1261 422 1305 κεῖνοι
461 1251 757 1305 καλέουσιν
798 1253 1085 1304 ἰωνίσκον·
1126 1250 1260 1320 λαβὲ
1300 1248 1350 1305 δ’
1395 1252 1565 1306 αὐτὸν

830 1418 1140 1451 TESTIMONIA

253 1501 299 1548 X
346 1500 464 1548 Ath.
488 1499 586 1547 VII
621 1501 722 1548 285
737 1499 788 1546 d:
829 1494 1076 1562 Κλέαρχος
1108 1493 1152 1545 δ’
1183 1495 1208 1546 ὅ
1240 1498 1610 1562 περιπατητικὸς
1643 1498 1695 1548 ἐν
1726 1504 1826 1558 τοῖς

142 1578 255 1645 περὶ
285 1586 563 1644 παροιμιῶν
594 1577 706 1643 περὶ
736 1585 822 1642 τῆς
853 1576 1021 1643 ἀφύης
1046 1578 1189 1642 φησί·
1223 1574 1326 1627 εδια
1349 1578 1401 1627 τὸ
1426 1587 1603 1643 μικροῦ
1634 1580 1827 1629 δεῖσθαι

143 1660 299 1726 πυρὸς
347 1659 401 1710 ἒν
446 1665 548 1719 τοῖς
593 1659 824 1726 τηγάνοις
877 1659 930 1709 οἷ
969 1658 1078 1724 περὶ
1120 1655 1463 1724 Ἀρχέστρατον
1509 1659 1828 1725 ἐπιβαλόντας

143 1742 430 1793 κελεύουσιν
476 1739 572 1791 ἐπὶ
617 1739 844 1805 θερμὸν
888 1739 1150 1806 τήγανον
1197 1740 1479 1800 σίζουσαν
1525 1739 1828 1806 ἀφαιρεῖν·

144 1824 260 1888 ἅμα
300 1819 345 1872 δ’
389 1817 570 1886 ἧπται
619 1820 716 1870 καὶ
763 1821 909 1880 σίζει
954 1821 1231 1886 καθάπερ
1277 1818 1584 1886 τοῦλαιον,
1631 1821 1827 1882 εὐθύς.

147 1904 224 1955 διὸ
264 1903 468 1971 λέγεται·
509 1903 582 1953 ἴδε
620 1909 720 1967 πῦρ
759 1897 942 1966 ἀφύη’.

256 1987 327 2034 ΧΙ
382 1986 501 2052 Ath.
535 1985 636 2033 VII
669 1985 840 2035 3006:
887 1982 1010 2032 ἀλλὰ
1054 1981 1138 2031 καὶ
1173 1978 1511 2048 Ἀρχέστρατός
1549 1997 1672 2047 φησι
1717 1983 1830 2033 τάδε

145 2065 256 2132 περὶ
294 2065 448 2115 αὐτοῦ
489 2061 577 2133 (sc.
617 2071 705 2115 τοῦ
745 2058 942 2130 ἔλοπος)
985 2062 1119 2112 <<τὸν
1150 2092 1221 2098 --
1252 2063 1646 2127 ἀφικνεῖται».

257 2147 356 2195 XII
402 2147 522 2195 Ath.
546 2146 644 2193 VH
670 2146 840 2195 328b:
880 2142 907 2194 ὅ
938 2142 993 2194 δὲ
1024 2143 1181 2208 σοφὸς
1213 2139 1281 2193 ’A.
1322 2143 1376 2193 ἐν
1413 2148 1518 2204 ταῖς
1546 2142 1831 2208 ὑποθήκαις

148 2225 273 2293 λέγει
311 2226 696 2292 «χρύσοφρυν
733 2252 795 2259 -
833 2224 1219 2289 δεκάπηχυς».

710 2387 965 2429 vARmTAs
1004 2393 1275 2428 Lsscmoms

267 2461 311 2505 X
365 2461 570 2519 τήγανον
612 2459 679 2512 εἰς
714 2460 897 2518 θερμὸν
937 2460 991 2504 σὺ
1033 2460 1186 2519 βαλὼν
1226 2461 1443 2513 σίζουσαν
1481 2460 1677 2518 ἀφαίρει
1709 2466 1717 2514 Ι
1749 2467 1832 2505 τοῦ

149 2527 320 2586 πυρός,
359 2529 530 2573 αὐτίκα
569 2526 657 2585 γὰρ
696 2525 918 2588 καθάπερ
949 2525 1168 2571 τοῦλαιον
1202 2522 1357 2582 ἐκείνη
1392 2528 1400 2583 Ι
1436 2521 1581 2580 ἧπται
1611 2525 1693 2570 καὶ
1722 2528 1835 2580 σίζει

153 2594 252 2639 sive
283 2595 445 2652 ἀφύην
477 2592 530 2639 δὲ
562 2593 734 2638 κελεύω
768 2595 775 2649 Ι
809 2592 1015 2650 τήγανον
1054 2590 1121 2644 εἰς
1149 2591 1331 2650 θερμὸν
1362 2593 1620 2651 βληθεῖσαν
1649 2594 1832 2637 θᾶσσον

153 2662 381 2719 ἀφαιρεῖν
419 2664 515 2706 κτλ.
552 2660 649 2705 sive
689 2661 906 2714 σίζουσαν
943 2656 1112 2716 πυρός,
1157 2655 1187 2713 ἣ
1231 2656 1454 2715 καθάπερ
1491 2657 1709 2703 τοῦλαιον
1747 2656 1829 2716 ἅμ’

155 2729 303 2780 εὐθὺς
329 2729 336 2783 Ι
362 2722 509 2782 ἧπται
538 2725 621 2771 καὶ
652 2727 765 2780 σίζει
794 2725 1009 2770 Ribbeck

270 2793 335 2837 XI
382 2798 405 2837 1
442 2791 586 2838 ἔλοπα
616 2794 663 2837 Α
745 2787 998 2843 ἐνικλίναις
1026 2791 1072 2835 Α
1192 2795 1218 2835 2
1251 2789 1610 2847 κρατιστεύοντα
1640 2790 1687 2835 Α.
1806 2796 1833 2835 3

155 2875 358 2918 γεγονως
393 2859 617 2916 θήνκανη
657 2860 722 2915 Α,
764 2872 879 2904 corr.
910 2855 1126 2901 Ribbeck
1165 2877 1174 2885 ·
1259 2860 1288 2899 4
1322 2853 1473 2912 Ἀσίην
1504 2856 1834 2903 Waohsmuth:

155 2925 299 2983 ἄλλην
330 2926 377 2972 A

243 3007 425 3048 corpu-0.
448 3009 478 3042 Ι.
1515 3001 1571 3042 10
