2038 3140
195 113 440 148 GELENSIS
835 132 896 137 —
983 102 1081 155 131
1167 134 1226 140 —

196 231 416 293 piscibus
457 233 541 294 qui
579 234 682 282 sale
714 236 1009 285 condiuntur
1042 240 1159 302 agit,
1199 240 1330 288 inter
1363 257 1444 291 eos
1476 243 1608 304 ipsos
1639 245 1875 293 nimirum

194 312 444 375 thynnum
482 329 677 376 quoque
715 318 950 365 nominat.

305 393 494 441 Deinde
521 395 652 456 quod
677 398 856 446 cestrei
881 399 1158 461 exemplum
1183 403 1416 463 proponit
1441 404 1526 466 qui
1546 405 1623 453 vel
1639 407 1876 468 quattuor

193 474 315 522 locis
341 474 472 536 apud
487 475 804 526 Athenaeum
822 483 1251 542 commemoratur,
1277 500 1321 544 p.
1343 485 1445 533 307
1460 485 1503 544 d,
1529 486 1632 533 307
1646 486 1692 548 b,
1714 488 1818 535 314
1831 503 1873 549 a,

193 557 361 617 311a,
415 555 630 617 primum
686 557 831 605 facile
885 558 1194 624 intellegitur
1241 579 1368 625 quae
1414 565 1578 613 tribus
1627 567 1873 627 prioribus

191 635 311 684 locis
354 635 414 683 de
454 640 645 685 cestreo
686 638 931 701 legantur,
975 641 1026 687 in
1067 659 1219 691 unum
1260 660 1367 693 esse
1408 646 1752 708 coniungenda
1790 641 1874 714 (fr.

189 715 452 763 XXXXIII
479 712 589 781 sq.).
666 717 774 766 Iam
819 735 937 768 vero
983 725 1131 783 poeta
1178 723 1272 772 duo
1321 741 1504 788 genera
1549 727 1759 788 piscium
1805 729 1875 776 di-

190 797 401 860 stinguit
446 814 658 859 quorum
706 800 921 847 alterum
971 802 1075 850 solo
1123 805 1322 852 nomine
1377 806 1558 854 cestrei
1612 807 1873 869 significat,

188 879 402 926 alterum
450 877 618 926 addito
669 881 962 943 cognomine
1011 883 1203 943 cephali
1250 885 1311 933 ab
1358 886 1444 934 illo
1503 886 1739 935 discernit
1790 883 1873 954 (fr.

187 952 457 1026 XXXXV).
535 960 660 1007 Eam
707 961 866 1022 ipsam
913 963 974 1010 ob
1023 964 1367 1024 cognationem
1413 966 1614 1014 illorum
1664 967 1874 1028 piscium

187 1056 279 1103 ego
326 1041 385 1090 fr.
425 1039 692 1088 XXXXIII
715 1057 784 1104 sq.
831 1058 986 1104 parvo
1034 1043 1115 1092 vel
1162 1045 1299 1093 nullo
1350 1046 1613 1095 intervallo
1662 1062 1691 1095 a
1737 1048 1872 1111 frag-

185 1125 352 1171 mento
399 1122 631 1170 XXXXV
680 1123 926 1172 disiuncta
978 1123 1132 1172 fuisse
1188 1126 1448 1191 existimo,
1500 1127 1574 1174 ita
1628 1130 1685 1176 ut
1733 1129 1872 1190 prius

187 1202 247 1250 de
298 1205 510 1265 cesti-eo,
563 1205 672 1251 tum
729 1203 788 1252 de
843 1204 1048 1266 cephalo
1097 1208 1340 1255 tractetur
1388 1201 1472 1274 (cf.
1517 1207 1763 1271 Archippi
1811 1210 1870 1257 fr.

183 1284 316 1345 apud
351 1284 470 1333 Ath.
508 1283 607 1332 VII
649 1284 819 1347 307d3
875 1285 900 1332 I
942 1286 1043 1333 681
1095 1285 1255 1334 Kock:
1314 1286 1528 1351 νήστεις,
1568 1286 1870 1354 κεστρέας,

186 1359 472 1430 κεφάλους).

294 1444 430 1502 Quae
479 1445 540 1493 de
588 1460 770 1507 congro
821 1447 1018 1494 servata
1068 1449 1183 1494 sunt
1233 1448 1329 1496 duo
1376 1448 1659 1510 fragmenta
1699 1449 1871 1497 XVIII

182 1528 234 1574 et
271 1525 410 1590 XIX,
467 1526 585 1575 olim
631 1526 908 1574 cohaesisse
954 1527 1061 1588 ipse
1108 1527 1180 1574 ait
1229 1527 1518 1576 Athenaeus
1558 1528 1656 1577 VH
1706 1532 1870 1579 294ae

182 1603 294 1670 ἑξῆς
331 1623 380 1654 τε
418 1604 530 1671 περὶ
565 1612 663 1655 τῶν
695 1601 799 1655 κατ’
831 1601 1035 1655 Ἰταλίαν
1067 1604 1232 1654 τόπων
1265 1604 1457 1666 διεξιὼν
1487 1607 1636 1656 πάλιν
1669 1606 1694 1658 ὅ
1726 1608 1871 1668 καλὸς

183 1679 327 1745 οὗτος
365 1686 660 1754 περιηγητής
699 1701 854 1751 φησιν
892 1685 983 1736 κτὲ.
1061 1687 1241 1736 Restat
1279 1695 1419 1737 unus'
1449 1703 1634 1750 scarus,
1674 1690 1734 1738 de
1773 1706 1870 1752 quo

180 1772 445 1831 postquam
484 1785 662 1819 versus
702 1768 973 1831 fragmenti
1004 1767 1215 1816 XXXXI
1247 1770 1422 1818 attulit
1451 1770 1740 1819 Athenaeus
1772 1770 1872 1819 VH

182 1852 348 1914 320a‚
405 1865 603 1898 scarum
662 1866 722 1898 ex
767 1849 1005 1912 Epheso
1057 1864 1165 1898 esse
1214 1851 1504 1913 petendum,
1558 1851 1724 1900 verbis
1775 1849 1870 1900 κάν

179 1926 307 1999 ἄλλῳ
349 1927 400 1979 δὲ
439 1927 571 1995 μέρει
619 1930 773 1995 φησίν
821 1923 948 1997 (scil.
988 1925 1370 1998 Archestratus)
1416 1932 1608 1980 inducit
1654 1932 1870 1981 alterum

179 2012 239 2060 de
280 2027 423 2061 scaro
463 2013 628 2061 locum
667 2008 753 2079 (fr.
776 2005 939 2076 XIII),
980 2026 1076 2073 quo
1110 2011 1231 2060 dicit
1263 2011 1634 2061 Calchadone
1675 2015 1727 2062 et
1756 2013 1869 2076 By-

175 2093 363 2141 zantii
402 2093 547 2140 illum
587 2108 696 2142 esse
727 2092 1128 2156 comparandum.
1183 2092 1341 2141 Poeta
1372 2095 1542 2141 autem
1574 2108 1689 2141 eum
1718 2109 1868 2143 usum

176 2175 462 2222 constanter
501 2174 750 2236 sequitur,
787 2175 847 2222 ut
883 2172 1114 2235 regiones
1155 2173 1335 2234 quibus
1373 2172 1522 2235 piscis
1562 2173 1745 2236 aliquis
1785 2189 1868 2222 ca-

178 2253 390 2316 piendus
446 2254 512 2303 sit
564 2269 662 2302 uno
719 2268 889 2303 omnes
943 2254 1050 2302 loco
1103 2253 1334 2301 carminis
1389 2269 1683 2302 enumerans
1738 2269 1867 2303 com·

174 2336 474 2397 prehendat3
509 2335 648 2384 cuius
680 2351 801 2385 usus
828 2350 924 2398 quo
948 2335 1095 2397 plura
1119 2336 1237 2382 sunt
1261 2333 1486 2396 exempla
1517 2328 1865 2400 (inveniuntur

178 2416 311 2465 enim
349 2416 480 2465 inter
525 2415 891 2479 quinquaginta
936 2415 1240 2477 fragmenta,
1295 2430 1420 2478 quae
1467 2415 1529 2462 ad
1576 2415 1737 2477 pisces
1783 2416 1865 2465 vel

176 2496 363 2545 similia
405 2497 640 2545 animalia
681 2499 923 2558 spectant,
962 2494 1145 2557 viginti
1175 2496 1319 2545 haec:
1358 2494 1483 2543 VIII
1520 2495 1591 2543 IX
1628 2495 1705 2544 XI·
1739 2495 1863 2544 XIII

169 2575 267 2627 XX
311 2575 456 2624 XXII
507 2575 958 2624 XXIV—XXVII
1010 2575 1149 2623 XXX
1198 2575 1409 2625 XXXIV
1445 2575 1632 2624 XXXV
1676 2576 1861 2625 XXXX

167 2657 384 2706 XXXXI
401 2673 472 2720 sq.
518 2654 750 2703 XXXXV
794 2655 1129 2720 LIII-LVI,
1183 2674 1240 2707 eo
1286 2658 1451 2707 minus
1501 2656 1738 2706 credibile
1784 2660 1863 2707 est

170 2740 375 2800 poetam
410 2736 710 2800 praesertim
747 2736 927 2786 ceteris
965 2737 1019 2785 in
1055 2738 1206 2787 rebus
1243 2740 1505 2800 tantopere
1536 2737 1615 2786 sui
1646 2736 1859 2786 similem

168 2818 264 2868 hac
308 2834 412 2868 una
456 2819 507 2866 in
553 2833 608 2866 re
655 2833 686 2866 a
732 2820 868 2866 certa
910 2818 1000 2867 illa
1046 2819 1240 2868 ratione
1285 2818 1568 2868 recessisse.
1651 2817 1860 2866 Accedit

168 2899 306 2962 quod
344 2897 694 2949 difficultatem
730 2898 871 2947 illam
910 2914 1036 2962 quae
1075 2899 1208 2949 inest
1246 2898 1299 2946 in
1338 2897 1525 2961 duplici
1564 2912 1858 2947 commemo-

1528 2982 1591 3024 9*
