2038 3140
51 433 105 472 10

50 875 103 915 15

138 127 294 160 MATR.
328 126 478 160 comt.
510 126 681 160 ΑΤΤΙο.
802 136 868 142 —
948 106 1015 163 61
1097 137 1164 143 —-

138 247 236 308 στῆ
272 234 321 291 δ’
351 235 439 307 ἄρ’
469 234 553 291 ἐπ’
585 238 758 291 οὐδὸν
792 237 911 305 ι’ών,
944 238 1219 306 σχεδόθεν
1252 236 1318 290 δέ
1346 239 1398 290 οἱ
1429 234 1500 305 ἧν
1523 238 1823 307 παράσιτος

141 329 499 397 Χαιρεφόων,
539 335 799 379 πεινῶντι
839 325 990 397 λάρῳ
1032 327 1224 394 ὄρνιθι
1264 325 1480 393 ἐοικώς,

137 418 365 484 νήστης,
405 415 712 483 ἀλλοτρίων
752 410 814 467 εὖ
854 415 1015 476 εἰδὼς
1054 414 1489 467 δειπνοσυνάων.

137 502 270 566 τέως
310 500 371 555 δὲ
411 503 661 573 μάγειροι
700 500 801 572 μὲν
841 505 1050 572 φόρεον
1089 504 1305 571 πλῆσάν
1344 522 1402 555 τε
1439 500 1725 571 τραπέζας,

138 585 220 655 οἷς
259 590 680 662 ἐπιτετράφαται
719 590 886 661 μέγας
926 591 1165 661 οὐρανὸς
1204 591 1543 660 ὀπτανιάων,

138 678 276 750 ἠμὲν
316 680 640 734 ἐπισπεῦσαι
680 682 911 734 δείπνου
949 682 1155 750 χρόνον
1193 678 1282 748 ἠδ’
1321 680 1630 733 ἀναθεῖναι.

137 767 259 822 ἕνθ’
297 770 454 822 ἄλλοι
493 769 691 832 πάντες
729 770 990 837 λαχάνοις
1028 766 1115 821 ἐπὶ
1154 776 1339 838 χεῖρας
1379 772 1593 821 ἴαλλον·

138 855 257 910 ἀλλ’
298 857 403 925 ἐγὼ
444 857 512 909 οὐ
550 859 826 926 πιθόμην,
868 852 986 909 ἀλλ’
1022 858 1230 925 ἤσθιον
1271 857 1460 909 εἴδατα
1498 856 1701 923 παστά,

135 948 375 1014 βολβοὺς
414 945 735 1015 ἀσπάραγόν
766 964 824 998 τε
862 943 955 998 καὶ
995 947 1192 1014 ὄστρεα
1231 947 1556 1014 μυελόεντα,

138 1035 482 1104 ὠμοτάριχον
522 1033 628 1087 ε’ὥν
667 1036 905 1104 χαίρειν,
952 1035 1241 1087 Φοινίκιον
1281 1035 1437 1097 ὄψον.

137 1123 312 1191 αὐτὰρ
353 1122 570 1192 ἐχίνους
608 1121 745 1192 ῥῖψα
783 1123 1249 1191 καρηκομόωντας
1287 1121 1579 1184 ἀκάνθαις·

138 1212 198 1265 οἱ
233 1209 293 1264 δὲ
332 1212 723 1280 κυλινδόμενοι
761 1211 1009 1280 καναχὴν
1049 1213 1178 1279 ἔχον
1217 1209 1279 1263 ἐν
1317 1208 1450 1263 ποσὶ
1486 1210 1703 1263 παίδων

629 1399 827 1433 HOMERI
866 1399 1096 1433 DETORTI
1134 1399 1327 1435 VERSVS

257 1487 282 1526 8
316 1487 398 1537 στῆ
431 1479 477 1524 δ’
505 1479 583 1537 ἄρ’
614 1477 689 1524 ἐπ’
718 1480 862 1524 οὐδὸν
895 1478 1012 1524 ἰών*
1042 1498 1070 1523 υ
1098 1486 1181 1525 128

313 1546 543 1604 σχεδόθεν
582 1545 636 1591 δέ
668 1545 718 1591 οἷ
743 1541 827 1603 ἦεν
860 1546 1056 1603 ὄλεθρος
1086 1549 1138 1590 Π
1157 1551 1243 1591 800

253 1619 279 1658 9
314 1611 471 1658 σεύατ’
501 1610 646 1657 ἔπειτ’
675 1609 754 1657 ἐπὶ
784 1619 910 1670 κῦμα
941 1612 1065 1673 λάρῳ
1098 1612 1259 1670 ὄρνιθι
1290 1609 1452 1665 ἐοικώς
1484 1630 1504 1658 ε
1531 1619 1585 1658 51

227 1685 280 1724 10
315 1685 322 1738 Ι
350 1679 531 1735 νήστιες
563 1684 692 1724 σ370
785 1679 940 1737 (ἀνὴρ)
964 1677 1015 1724 εὖ
1048 1678 1183 1731 εἰδὼς
1212 1679 1572 1725 τεκτοσυνάων*
1605 1697 1626 1725 ε
1653 1685 1740 1726 250

230 1751 280 1791 11
315 1746 344 1802 ἡ
378 1743 424 1790 δ’
453 1741 585 1804 έτέρη
617 1745 915 1803 προπάροιθε
946 1745 1136 1803 θρόνων
1170 1742 1367 1791 ἐτίταινε
1399 1745 1630 1804 τραπέζας
1659 1764 1687 1791 κ
1706 1751 1798 1807 354,

314 1811 524 1869 φόρεον*
557 1829 583 1869 χ
608 1816 695 1856 448
729 1829 763 1856 ω
788 1817 874 1857 417

317 1877 366 1924 οἷ
395 1877 439 1923 δ”
469 1878 599 1923 ἄλλοι
629 1877 802 1930 πάντες
833 1880 1050 1934 δίδοσαν,
1080 1882 1263 1935 πλῆσαν
1295 1876 1342 1923 δ’
1371 1878 1464 1936 ἄρα
1495 1878 1651 1937 πήρην
1687 1897 1713 1936 ρ
1738 1883 1822 1924 411

139 1951 191 1990 12
212 1961 279 2002 sq.
312 1951 394 2003 τῇς
426 1942 799 2002 ἐπιτέτραπται
831 1945 974 2002 μέγας
1004 1945 1204 2003 οὐρανὸς
1241 1944 1489 2003 Οὔλυμπός
1518 1962 1589 2002 τε,

314 2009 433 2068 ἠμὲν
464 2011 716 2056 ἀνακλῖναι
745 2011 946 2056 πυκινὸν
974 2009 1123 2068 νέφος
1151 2010 1232 2068 ἠδ’
1262 2009 1506 2058 ἐπιθεῖναι
1537 2015 1578 2056 Ε
1602 2017 1688 2059 750
1704 2027 1771 2069 sq.

229 2082 285 2122 14
318 2073 425 2122 ἕνθ’
453 2076 584 2121 ἄλλοι
614 2075 699 2134 μὲν
729 2076 936 2130 πάντες*
967 2095 999 2122 α
1026 2083 1078 2122 11

314 2138 511 2199 ἑτάροις
529 2139 606 2187 ἐπὶ
636 2148 795 2200 χεῖρας
825 2144 985 2188 ἴαλλε*
1017 2160 1034 2188 ι
1056 2149 1144 2189 288

315 2206 366 2252 οἴ
393 2206 439 2252 δ’
469 2204 544 2253 ἐπ’
573 2206 761 2252 ὀνείαθ’
782 2203 944 2266 ἓτοῖμα
965 2211 1252 2267 προκείμενα
1276 2214 1434 2268 χεῖρας
1457 2211 1616 2255 ἴαλλον
1648 2215 1677 2254 Ι
1696 2215 1750 2255 91
1763 2210 1823 2254 al.

230 2280 283 2319 15
317 2272 418 2318 ἀλλ’
447 2270 536 2331 ἐγὼ
568 2274 624 2318 οὐ
655 2272 900 2331 πιθόμην*
933 2278 1098 2332 Ε-201,
1132 2291 1149 2319 ι
1172 2279 1258 2320 228

140 2347 194 2387 15
212 2348 279 2397 sq.
312 2339 451 2395 ἤσθιε
485 2337 531 2383 δ’
567 2338 681 2384 ὥστε
713 2338 863 2385 λέων*
896 2376 907 2387 .
934 2376 944 2385 .
971 2377 980 2386 .

317 2404 491 2464 ἔγκατά
520 2421 570 2450 τε
602 2404 779 2463 σάρκας
808 2423 857 2451 τε
890 2407 971 2451 καὶ
1002 2406 1142 2453 ὀστέα
1171 2406 1425 2465 μυελόεντα
1457 2425 1474 2452 ι
1497 2412 1584 2454 292
1602 2423 1667 2465 sq.

230 2479 284 2519 18
315 2470 708 2530 καρηκομόωντας
733 2469 973 2530 Ἀχαιούς*
1004 2478 1040 2518 Β
1068 2479 1120 2519 11

229 2544 283 2584 19
314 2538 344 2595 ἡ
376 2536 429 2583 δὲ
461 2536 771 2595 κυλινδομένη
803 2538 1019 2597 καναχὴν
1050 2538 1125 2598 ἔχε
1156 2540 1324 2586 ποσσὶν
1353 2538 1441 2598 ὑφ’
1474 2541 1628 2586 ἵππων
1667 2542 1720 2585 Π
1738 2545 1824 2587 794

698 2706 952 2743 VAROETAS
989 2709 1262 2745 LEG'HONIS

260 2793 315 2832 11
340 2786 455 2840 τέως
478 2787 838 2834 ΒὺαᾶίιωιιθΠετε
860 2793 924 2849 τῷ
939 2789 1040 2836 AG
1135 2794 1190 2836 13
1213 2790 1468 2848 ἀναμεῖναι
1482 2790 1544 2845 Δ,
1565 2789 1826 2835 ἀναθεῖναι

93 2857 98 2861 ’
139 2853 321 2912 scripsi,
338 2854 584 2900 ἀνατεῖναι
598 2853 815 2899 Meineke
892 2859 949 2901 15
963 2854 1205 2914 πευθόμην
1219 2856 1266 2902 A
1278 2856 1319 2902 G
1365 2857 1550 2901 εἴσθιον
1565 2856 1612 2901 A
1646 2854 1824 2907 ,παστά

138 2920 468 2965 Wachsmuth:
484 2919 643 2967 πάντα
653 2920 699 2964 A
710 2921 749 2967 G
804 2925 859 2966 17
877 2923 1060 2981 χαίρειν
1075 2921 1247 2980 μακρά,
1263 2922 1498 2968 Ποντικὸν
1514 2921 1638 2980 ὄψον
1652 2921 1824 2968 Kaibel
