2038 3140
829 143 890 151 —
975 114 1080 167 182
1161 144 1223 151 -
1363 132 1646 167 AROHESTR.
1678 132 1870 164 HEDYP.

182 267 355 300 corum
378 251 527 312 pedes
552 250 742 311 priores
769 265 876 298 esse
910 253 1087 315 χεῖρας,
1119 251 1299 299 horum
1332 253 1499 299 autem
1523 253 1707 313 partes,
1740 263 1866 311 quae

183 333 283 380 sint
322 331 535 379 hominis
575 326 720 394 ἄκραι
759 334 927 395 χεῖρες,
967 332 1249 379 astacorum
1289 346 1394 379 esse
1434 330 1594 395 χηλάς.
1659 330 1868 378 Omnem

183 413 392 474 denique
427 411 788 459 dubitationem
821 413 955 461 tollit
979 411 1265 474 Epicharmi
1295 412 1433 460 locus
1468 410 1520 460 ἐν
1541 408 1703 476 ’”Ήβας
1727 410 1866 478 γάμῳ

186 487 326 560 (Ath.
367 493 445 541 III
497 494 640 542 105a
681 515 749 531 =
790 510 836 554 p.
878 495 980 542 231
1024 486 1185 558 Lon),
1241 509 1387 555 quem
1433 492 1759 542 Archestrato
1815 493 1868 541 in

184 575 347 622 animo
387 574 543 622 fuisse
583 590 692 623 meo
732 575 837 622 iure
878 574 1143 622 contendo:

259 651 357 701 ἐντὶ
397 649 440 701 δ’
479 651 681 702 ἀστακοὶ
719 653 1045 717 κολυβδαιναί
1078 671 1126 702 τε
1165 651 1261 718 χῶς
1298 652 1364 702 τὰ
1402 650 1553 703 πόδι’
1598 653 1711 718 ἔχει

255 733 458 798 μικρά,
498 732 599 792 τὰς
638 738 836 798 χεῖρας
876 731 937 783 δὲ
976 734 1224 799 μακράς,
1263 734 1480 799 κάραβος
1519 731 1572 783 δὲ
1610 732 1822 797 τῶνυμα.

183 815 315 872 Quos
340 832 457 864 vero
483 817 628 863 affert
651 816 952 864 Ribbeckius
976 816 1266 865 Aristotelis
1291 817 1440 879 locos,
1472 816 1531 864 A.
1550 816 1612 866 Η.
1637 817 1710 863 IV
1736 818 1783 879 2,
1813 818 1864 863 1:

183 890 321 946 οὗτοι
361 891 449 960 (sc.
483 895 534 945 οἷ
561 891 786 963 ἀστακοί)
829 893 880 944 δὲ
921 893 1213 961 διαφέρουσι
1250 903 1347 945 τῶν
1378 896 1612 961 καράβων
1644 900 1710 966 τῷ
1742 895 1867 960 ἔχειν

182 975 330 1040 χηλάς
377 978 427 1024 et
474 977 533 1025 de
578 980 705 1038 part.
747 977 895 1025 anim.
937 977 1010 1024 IV
1051 980 1134 1038 9,·
1168 980 1233 1026 19
1285 977 1336 1026 οῖ
1383 973 1426 1026 δ’
1472 975 1671 1027 ἀστακοὶ
1720 976 1865 1040 μόνοι

185 1054 423 1120 ὁποτέραν
457 1055 519 1105 ἂν
549 1057 757 1121 τύχωσιν
789 1056 953 1121 ἔχουσι
984 1057 1126 1120 μείζω
1166 1065 1263 1106 τῶν
1295 1061 1473 1122 χηλῶν,
1511 1059 1635 1106 nihil
1666 1059 1866 1107 demon-

186 1141 350 1186 strant
403 1138 499 1185 nisi
558 1154 684 1201 quae
738 1139 900 1201 poetis
957 1139 1055 1190 sint
1109 1142 1261 1203 χεῖρες
1313 1140 1515 1201 proprio
1565 1139 1867 1188 Graecorum

185 1235 410 1269 sermone
469 1219 566 1266 dici
621 1218 782 1283 χηλάς.
883 1214 952 1268 V.
1004 1215 1038 1268 3
1076 1236 1145 1282 sq.
1210 1220 1462 1268 Notabilis
1511 1224 1588 1269 est
1641 1220 1867 1269 diversus

183 1301 446 1364 utriusque
486 1316 660 1350 versus
702 1301 858 1349 color:
913 1316 1028 1348 nam
1066 1316 1240 1350 versus
1283 1302 1313 1349 3
1356 1301 1514 1351 altero
1554 1301 1866 1350 hemistichio

182 1398 272 1444 per
298 1382 722 1431 coordinationem
744 1382 901 1444 priori
935 1381 1103 1430 addito
1135 1397 1290 1443 purus
1315 1384 1467 1443 putus
1493 1383 1660 1444 epicus
1687 1383 1867 1445 evadit,

183 1480 228 1512 v.
267 1465 300 1510 4
341 1466 392 1511 et
429 1463 650 1511 numeris
689 1462 1082 1525 languidissimis
1123 1466 1174 1510 et
1211 1462 1432 1524 pedestri
1463 1464 1609 1524 plane
1643 1478 1866 1511 sermone

183 1560 342 1606 paene
395 1544 726 1592 intolerabilis
782 1543 851 1592 fit.
954 1543 1373 1592 Stadtmuellerus
1427 1542 1631 1606 πληθὺν
1685 1544 1866 1592 collato

183 1625 305 1672 LIII
348 1627 376 1672 2
418 1624 659 1690 μεγάλους
696 1623 952 1682 πολλούς
991 1641 1047 1673 τε
1085 1622 1144 1673 τὸ
1183 1627 1429 1687 πλῆθος.

294 1706 432 1753 XXV
487 1706 615 1753 Vide
655 1721 805 1768 supra
842 1723 890 1767 p.
926 1707 1044 1754 134.

294 1787 461 1834 XXVI
516 1781 583 1836 V.
614 1781 643 1834 1
679 1787 876 1848 explevi
900 1789 956 1834 ut
978 1787 1135 1848 potui.
1190 1782 1258 1837 V.
1287 1782 1340 1837 2.
1380 1787 1542 1836 Affert
1566 1786 1866 1836 Ribbeckius

184 1869 523 1930 Antiphanem
562 1883 639 1929 ap.
672 1866 791 1916 Ath.
823 1867 923 1914 VII
956 1869 1097 1916 2950
1137 1862 1210 1933 (II
1244 1871 1309 1917 92
1355 1860 1540 1934 Kock):
1596 1867 1778 1932 φάγροι
1818 1863 1863 1915 δ’

176 1944 456 2012 Ἐρετρικοί.
532 1942 600 1997 V.
643 1942 678 1996 3
721 1948 950 2010 supplevi
989 1947 1099 2009 φίλε
1146 1949 1275 1998 sicut
1313 1950 1370 1997 fr.
1403 1949 1572 1996 XVIII
1609 1953 1632 1996 1
1678 1949 1866 2011 legitur

186 2029 342 2092 φίλος.
404 2029 532 2077 Nam
574 2029 707 2091 quod
737 2028 1007 2077 Ribbeckio
1047 2029 1164 2077 olim
1204 2030 1395 2091 placuit
1425 2028 1594 2092 μηδεὶς
1625 2026 1867 2098 ἐσενέγκῃ,

183 2111 414 2172 displicet
459 2113 664 2172 propter
709 2125 949 2172 personae
1001 2109 1352 2172 mutationem,
1411 2110 1870 2173 Schweighaeuseri

183 2192 467 2240 coniectura
505 2186 622 2254 μηδ’
660 2189 772 2240 εἴσω
813 2188 1011 2258 ἐνέγκῃς
1049 2206 1207 2254 aequo
1248 2191 1424 2240 fortior
1465 2191 1645 2240 evadit.
1726 2190 1867 2248 Quod

188 2272 399 2335 denique
438 2271 714 2320 Meinekius
754 2272 973 2334 explevit
1012 2270 1117 2335 σόν,
1157 2287 1574 2334 supervacaneum
1614 2274 1706 2320 est.

294 2352 486 2402 XXVII
538 2353 666 2400 Vide
706 2367 857 2414 supra
893 2370 941 2415 p.
977 2355 1096 2402 134.

296 2433 514 2481 XXVIII
569 2434 896 2494 Epicharmus
936 2450 1012 2496 ap.
1038 2433 1156 2482 Ath.
1180 2433 1280 2481 VII
1312 2433 1462 2482 321d
1493 2426 1576 2499 (fr.
1604 2434 1671 2482 23
1704 2427 1866 2499 Lor.):

186 2511 264 2562 ταὶ
295 2513 462 2572 πίονες
497 2513 503 2572 Ι
538 2512 841 2578 σκατοφάγοι
872 2513 1052 2563 σάλπαι
1082 2512 1423 2579 βδελυχραί,
1465 2509 1606 2562 ἁδέαι
1637 2507 1682 2561 δ’
1717 2510 1771 2561 ἐν
1801 2515 1867 2582 τῷ

184 2590 334 2657 θέρει.
397 2593 445 2642 Α
484 2593 646 2642 Plinio
684 2593 744 2641 N.
776 2594 840 2644 H.
872 2594 942 2642 IX
980 2596 1046 2643 68
1089 2595 1231 2656 salpa
1268 2594 1450 2642 dieitur
1481 2593 1612 2642 circa
1641 2593 1867 2642 Ebusum

187 2672 458 2738 aestimari,
498 2668 758 2723 ‘obscenus
798 2675 919 2723 alibi
957 2678 1008 2724 et
1046 2675 1132 2737 qui
1169 2690 1416 2738 nusquam
1445 2673 1679 2737 percoqui
1709 2675 1869 2736 possit

143 2767 148 2771 ·
183 2755 280 2803 nisi
317 2755 480 2804 ferula
518 2749 846 2804 verberatus'.

294 2834 457 2882 XXIX
497 2837 548 2882 et
585 2835 722 2882 XXX
774 2834 902 2884 Vide
941 2850 1096 2898 supra
1132 2852 1178 2898 p.
1215 2837 1334 2885 137.

297 2915 462 2962 XXXI
498 2908 568 2966 V.
595 2909 628 2962 2
657 2915 939 2965 emendavit
961 2915 1262 2966 Ribbeckius
1285 2913 1465 2969 versus}¹
1484 2914 1650 2976 quarti
1672 2915 1868 2964 ratione
