<?xml version="1.0" encoding="UTF-8"?>
<!DOCTYPE html PUBLIC "-//W3C//DTD XHTML 1.0 Transitional//EN"
    "http://www.w3.org/TR/xhtml1/DTD/xhtml1-transitional.dtd">
<html xmlns="http://www.w3.org/1999/xhtml" xml:lang="en" lang="en">
 <head>
  <title>
</title>
<meta http-equiv="Content-Type" content="text/html;charset=utf-8" />
  <meta name='ocr-system' content='tesseract 3.04.00' />
  <meta name='ocr-capabilities' content='ocr_page ocr_carea ocr_par ocr_line ocrx_word'/>
</head>
<body>
  <div class='ocr_page' id='page_1' title='image "./corpusculumpoesi01lipsuoft_0054.png"; bbox 0 0 2038 3140; ppageno 0'>
   <div class='ocr_carea' id='block_1_1' title="bbox 872 97 1898 149">
    <p class='ocr_par' dir='ltr' id='par_1_1' title="bbox 872 97 1898 149">
     <span class='ocr_line' id='line_1_1' title="bbox 872 97 1898 149; baseline 0 0"><span class='ocrx_word' id='word_1_1' title='bbox 872 127 940 135; x_wconf 92' lang='lat'>—</span> <span class='ocrx_word' id='word_1_2' title='bbox 1018 97 1091 149; x_wconf 83' lang='lat'>40</span> <span class='ocrx_word' id='word_1_3' title='bbox 1173 128 1234 133; x_wconf 86' lang='lat'>——</span> <span class='ocrx_word' id='word_1_4' title='bbox 1683 116 1898 149; x_wconf 82' lang='lat' dir='ltr'>HEGEMO</span> 
     </span>
    </p>
   </div>
   <div class='ocr_carea' id='block_1_2' title="bbox 210 225 1898 621">
    <p class='ocr_par' dir='ltr' id='par_1_2' title="bbox 210 225 1898 621">
     <span class='ocr_line' id='line_1_2' title="bbox 214 225 1898 298; baseline -0.002 -16"><span class='ocrx_word' id='word_1_5' title='bbox 214 234 459 283; x_wconf 85' lang='lat' dir='ltr'>vilissimo</span> <span class='ocrx_word' id='word_1_6' title='bbox 498 235 630 282; x_wconf 88' lang='lat' dir='ltr'>inter</span> <span class='ocrx_word' id='word_1_7' title='bbox 671 233 885 282; x_wconf 82' lang='lat' dir='ltr'>Graecos</span> <span class='ocrx_word' id='word_1_8' title='bbox 927 234 1050 294; x_wconf 85' lang='lat' dir='ltr'>cibo,</span> <span class='ocrx_word' id='word_1_9' title='bbox 1089 249 1179 295; x_wconf 91' lang='lat' dir='ltr'>pro</span> <span class='ocrx_word' id='word_1_10' title='bbox 1220 235 1353 281; x_wconf 89' lang='lat' dir='ltr'>certo</span> <span class='ocrx_word' id='word_1_11' title='bbox 1394 233 1632 280; x_wconf 85' lang='lat' dir='ltr'>affirmari</span> <span class='ocrx_word' id='word_1_12' title='bbox 1662 234 1841 294; x_wconf 87' lang='lat' dir='ltr'>potest.</span> <span class='ocrx_word' id='word_1_13' title='bbox 1855 225 1898 298; x_wconf 86' lang='lat'>1)</span> 
     </span>
     <span class='ocr_line' id='line_1_3' title="bbox 213 314 1897 377; baseline -0.001 -15"><span class='ocrx_word' id='word_1_14' title='bbox 213 314 322 371; x_wconf 84' lang='lat' dir='ltr'>Qua</span> <span class='ocrx_word' id='word_1_15' title='bbox 360 331 478 365; x_wconf 87' lang='lat' dir='ltr'>vero</span> <span class='ocrx_word' id='word_1_16' title='bbox 527 315 811 377; x_wconf 89' lang='lat' dir='ltr'>petulantia</span> <span class='ocrx_word' id='word_1_17' title='bbox 859 317 1195 376; x_wconf 88' lang='lat' dir='ltr'>spectatorum</span> <span class='ocrx_word' id='word_1_18' title='bbox 1234 314 1607 362; x_wconf 89' lang='lat' dir='ltr'>multitudinem</span> <span class='ocrx_word' id='word_1_19' title='bbox 1652 314 1897 361; x_wconf 81' lang='lat' dir='ltr'>lacessere</span> 
     </span>
     <span class='ocr_line' id='line_1_4' title="bbox 211 381 1896 458; baseline -0.002 -15"><span class='ocrx_word' id='word_1_20' title='bbox 211 381 709 458; x_wconf 84' lang='lat' dir='ltr'>adversariorumque</span> <span class='ocrx_word' id='word_1_21' title='bbox 741 395 943 443; x_wconf 90' lang='lat' dir='ltr'>eludere</span> <span class='ocrx_word' id='word_1_22' title='bbox 984 411 1133 444; x_wconf 88' lang='lat' dir='ltr'>ausus</span> <span class='ocrx_word' id='word_1_23' title='bbox 1176 395 1242 443; x_wconf 89' lang='lat' dir='ltr'>sit</span> <span class='ocrx_word' id='word_1_24' title='bbox 1272 395 1512 444; x_wconf 84' lang='lat' dir='ltr'>invidiam</span> <span class='ocrx_word' id='word_1_25' title='bbox 1545 410 1607 441; x_wconf 85' lang='lat' dir='ltr'>ex</span> <span class='ocrx_word' id='word_1_26' title='bbox 1639 394 1738 441; x_wconf 87' lang='lat' dir='ltr'>alia</span> <span class='ocrx_word' id='word_1_27' title='bbox 1770 392 1896 440; x_wconf 82' lang='lat' dir='ltr'>Cha-</span> 
     </span>
     <span class='ocr_line' id='line_1_5' title="bbox 210 475 1898 542; baseline 0 -20"><span class='ocrx_word' id='word_1_28' title='bbox 210 475 503 524; x_wconf 85' lang='lat' dir='ltr'>maeleontis</span> <span class='ocrx_word' id='word_1_29' title='bbox 535 475 910 523; x_wconf 73' lang='lat' dir='ltr'>narratiuncula</span> <span class='ocrx_word' id='word_1_30' title='bbox 935 491 1229 542; x_wconf 85' lang='lat' dir='ltr'>cognoscere</span> <span class='ocrx_word' id='word_1_31' title='bbox 1260 476 1378 524; x_wconf 91' lang='lat' dir='ltr'>licet</span> <span class='ocrx_word' id='word_1_32' title='bbox 1400 476 1497 524; x_wconf 91' lang='lat' dir='ltr'>fide</span> <span class='ocrx_word' id='word_1_33' title='bbox 1521 476 1655 524; x_wconf 92' lang='lat' dir='ltr'>haud</span> <span class='ocrx_word' id='word_1_34' title='bbox 1679 475 1898 537; x_wconf 85' lang='lat' dir='ltr'>indigna,</span> 
     </span>
     <span class='ocr_line' id='line_1_6' title="bbox 212 549 1620 621; baseline 0.001 -18"><span class='ocrx_word' id='word_1_35' title='bbox 212 573 338 618; x_wconf 87' lang='lat' dir='ltr'>quae</span> <span class='ocrx_word' id='word_1_36' title='bbox 379 558 441 604; x_wconf 93' lang='lat' dir='ltr'>ad</span> <span class='ocrx_word' id='word_1_37' title='bbox 480 557 606 604; x_wconf 85' lang='lat' dir='ltr'>illud</span> <span class='ocrx_word' id='word_1_38' title='bbox 645 557 808 618; x_wconf 89' lang='lat' dir='ltr'>ipsum</span> <span class='ocrx_word' id='word_1_39' title='bbox 853 557 1025 619; x_wconf 79' lang='grc' dir='ltr'><em>Φακῆς</em></span> <span class='ocrx_word' id='word_1_40' title='bbox 1063 573 1335 620; x_wconf 80' lang='lat' dir='ltr'>cognomen</span> <span class='ocrx_word' id='word_1_41' title='bbox 1374 549 1620 621; x_wconf 70' lang='lat' dir='ltr'>alludit.2)</span> 
     </span>
    </p>
   </div>
   <div class='ocr_carea' id='block_1_3' title="bbox 210 677 564 685">
    <p class='ocr_par' dir='ltr' id='par_1_3' title="bbox 210 677 564 685">
     <span class='ocr_line' id='line_1_7' title="bbox 210 677 564 685; baseline 0 0"><span class='ocrx_word' id='word_1_42' title='bbox 210 677 564 685; x_wconf 95' lang='lat' dir='ltr'> </span> 
     </span>
    </p>
   </div>
   <div class='ocr_carea' id='block_1_4' title="bbox 207 746 1899 1267">
    <p class='ocr_par' dir='ltr' id='par_1_4' title="bbox 207 746 1899 1267">
     <span class='ocr_line' id='line_1_8' title="bbox 337 746 1899 804; baseline 0 -14"><span class='ocrx_word' id='word_1_43' title='bbox 337 751 378 804; x_wconf 88' lang='lat'>1)</span> <span class='ocrx_word' id='word_1_44' title='bbox 411 748 628 792; x_wconf 83' lang='lat' dir='ltr'>Eustath.</span> <span class='ocrx_word' id='word_1_45' title='bbox 654 763 699 804; x_wconf 87' lang='lat' dir='ltr'>p.</span> <span class='ocrx_word' id='word_1_46' title='bbox 721 753 848 803; x_wconf 80' lang='lat'>1239,</span> <span class='ocrx_word' id='word_1_47' title='bbox 874 754 929 792; x_wconf 91' lang='lat'>30</span> <span class='ocrx_word' id='word_1_48' title='bbox 954 748 1107 791; x_wconf 90' lang='lat' dir='ltr'>minus</span> <span class='ocrx_word' id='word_1_49' title='bbox 1132 750 1256 793; x_wconf 88' lang='lat' dir='ltr'>recte</span> <span class='ocrx_word' id='word_1_50' title='bbox 1275 748 1355 792; x_wconf 79' lang='grc' dir='ltr'><em>διὰ</em></span> <span class='ocrx_word' id='word_1_51' title='bbox 1379 749 1429 792; x_wconf 91' lang='grc' dir='ltr'>τὸ</span> <span class='ocrx_word' id='word_1_52' title='bbox 1455 750 1678 804; x_wconf 81' lang='grc' dir='ltr'><em>χαίρειν</em></span> <span class='ocrx_word' id='word_1_53' title='bbox 1704 746 1899 804; x_wconf 79' lang='grc' dir='ltr'><em>μάλιστα</em></span> 
     </span>
     <span class='ocr_line' id='line_1_9' title="bbox 209 812 1898 874; baseline -0.001 -17"><span class='ocrx_word' id='word_1_54' title='bbox 209 819 272 873; x_wconf 80' lang='grc' dir='ltr'>τῷ</span> <span class='ocrx_word' id='word_1_55' title='bbox 298 816 463 874; x_wconf 77' lang='grc' dir='ltr'><em>τοιῷδε</em></span> <span class='ocrx_word' id='word_1_56' title='bbox 490 814 677 874; x_wconf 83' lang='grc' dir='ltr'><em>ὅσπρίῳ,</em></span> <span class='ocrx_word' id='word_1_57' title='bbox 701 815 761 858; x_wconf 86' lang='lat' dir='ltr'>ad</span> <span class='ocrx_word' id='word_1_58' title='bbox 778 815 903 870; x_wconf 85' lang='lat' dir='ltr'>quod</span> <span class='ocrx_word' id='word_1_59' title='bbox 928 815 983 858; x_wconf 88' lang='lat' dir='ltr'>cf.</span> <span class='ocrx_word' id='word_1_60' title='bbox 1011 815 1210 858; x_wconf 91' lang='lat' dir='ltr'>eundem</span> <span class='ocrx_word' id='word_1_61' title='bbox 1239 820 1366 870; x_wconf 81' lang='lat'>1572,</span> <span class='ocrx_word' id='word_1_62' title='bbox 1386 820 1454 859; x_wconf 79' lang='lat'>52.</span> <span class='ocrx_word' id='word_1_63' title='bbox 1498 813 1618 858; x_wconf 83' lang='lat' dir='ltr'>Vide</span> <span class='ocrx_word' id='word_1_64' title='bbox 1643 812 1898 868; x_wconf 85' lang='lat' dir='ltr'>Welandii‚</span> 
     </span>
     <span class='ocr_line' id='line_1_10' title="bbox 211 879 1897 938; baseline 0.001 -15"><span class='ocrx_word' id='word_1_65' title='bbox 211 879 426 935; x_wconf 88' lang='lat' dir='ltr'>Peltzeri‚</span> <span class='ocrx_word' id='word_1_66' title='bbox 458 880 737 935; x_wconf 85' lang='lat' dir='ltr'>Paessensii‚</span> <span class='ocrx_word' id='word_1_67' title='bbox 769 880 1009 924; x_wconf 87' lang='lat' dir='ltr'>Leutschii</span> <span class='ocrx_word' id='word_1_68' title='bbox 1033 881 1219 938; x_wconf 89' lang='lat' dir='ltr'>(Philol.</span> <span class='ocrx_word' id='word_1_69' title='bbox 1238 882 1280 924; x_wconf 93' lang='lat' dir='ltr'>X</span> <span class='ocrx_word' id='word_1_70' title='bbox 1303 897 1349 937; x_wconf 88' lang='lat' dir='ltr'>p.</span> <span class='ocrx_word' id='word_1_71' title='bbox 1370 886 1455 925; x_wconf 82' lang='lat'>704</span> <span class='ocrx_word' id='word_1_72' title='bbox 1469 884 1587 936; x_wconf 87' lang='lat' dir='ltr'>sqq.)</span> <span class='ocrx_word' id='word_1_73' title='bbox 1613 882 1897 932; x_wconf 79' lang='lat' dir='ltr'>commenta3</span> 
     </span>
     <span class='ocr_line' id='line_1_11' title="bbox 208 945 1896 1003; baseline 0 -15"><span class='ocrx_word' id='word_1_74' title='bbox 208 945 474 1002; x_wconf 85' lang='lat' dir='ltr'>nuperrime</span> <span class='ocrx_word' id='word_1_75' title='bbox 508 947 565 990; x_wconf 92' lang='lat' dir='ltr'>de</span> <span class='ocrx_word' id='word_1_76' title='bbox 595 946 684 990; x_wconf 91' lang='lat' dir='ltr'>hac</span> <span class='ocrx_word' id='word_1_77' title='bbox 714 960 765 990; x_wconf 91' lang='lat' dir='ltr'>re</span> <span class='ocrx_word' id='word_1_78' title='bbox 797 946 1058 1002; x_wconf 84' lang='lat' dir='ltr'>disputavit</span> <span class='ocrx_word' id='word_1_79' title='bbox 1088 947 1474 991; x_wconf 86' lang='lat' dir='ltr'>Wachsmuthius</span> <span class='ocrx_word' id='word_1_80' title='bbox 1508 946 1606 991; x_wconf 81' lang='lat' dir='ltr'>Sill.</span> <span class='ocrx_word' id='word_1_81' title='bbox 1642 946 1714 990; x_wconf 85' lang='lat' dir='ltr'>Gr.</span> <span class='ocrx_word' id='word_1_82' title='bbox 1739 961 1783 1003; x_wconf 89' lang='lat' dir='ltr'>p.</span> <span class='ocrx_word' id='word_1_83' title='bbox 1815 951 1896 989; x_wconf 74' lang='lat'>123</span> 
     </span>
     <span class='ocr_line' id='line_1_12' title="bbox 212 1009 1898 1070; baseline 0 -16"><span class='ocrx_word' id='word_1_84' title='bbox 212 1011 292 1068; x_wconf 90' lang='lat' dir='ltr'>(ad</span> <span class='ocrx_word' id='word_1_85' title='bbox 322 1011 376 1056; x_wconf 89' lang='lat' dir='ltr'>fr.</span> <span class='ocrx_word' id='word_1_86' title='bbox 410 1012 549 1067; x_wconf 86' lang='lat' dir='ltr'>XXI).</span> <span class='ocrx_word' id='word_1_87' title='bbox 616 1015 773 1068; x_wconf 79' lang='grc' dir='ltr'><em>Φακῆς</em></span> <span class='ocrx_word' id='word_1_88' title='bbox 814 1009 1041 1070; x_wconf 76' lang='grc' dir='ltr'><em>ἐγκώμιον</em></span> <span class='ocrx_word' id='word_1_89' title='bbox 1082 1013 1323 1069; x_wconf 86' lang='lat' dir='ltr'>scripsisse</span> <span class='ocrx_word' id='word_1_90' title='bbox 1362 1014 1681 1069; x_wconf 86' lang='lat' dir='ltr'>Hegemonem</span> <span class='ocrx_word' id='word_1_91' title='bbox 1719 1012 1797 1055; x_wconf 85' lang='lat' dir='ltr'>vix</span> <span class='ocrx_word' id='word_1_92' title='bbox 1843 1026 1898 1056; x_wconf 86' lang='lat' dir='ltr'>ex</span> 
     </span>
     <span class='ocr_line' id='line_1_13' title="bbox 210 1077 1895 1135; baseline -0.001 -14"><span class='ocrx_word' id='word_1_93' title='bbox 210 1077 489 1134; x_wconf 86' lang='lat' dir='ltr'>cognomine</span> <span class='ocrx_word' id='word_1_94' title='bbox 506 1078 589 1122; x_wconf 92' lang='lat' dir='ltr'>illo</span> <span class='ocrx_word' id='word_1_95' title='bbox 609 1078 862 1122; x_wconf 88' lang='lat' dir='ltr'>conieceris</span> <span class='ocrx_word' id='word_1_96' title='bbox 881 1093 986 1122; x_wconf 91' lang='lat' dir='ltr'>cum</span> <span class='ocrx_word' id='word_1_97' title='bbox 1004 1078 1206 1135; x_wconf 86' lang='lat' dir='ltr'>Bergkio</span> <span class='ocrx_word' id='word_1_98' title='bbox 1224 1079 1353 1122; x_wconf 88' lang='lat' dir='ltr'>Poet.</span> <span class='ocrx_word' id='word_1_99' title='bbox 1370 1078 1474 1134; x_wconf 80' lang='lat' dir='ltr'>Lyr.</span> <span class='ocrx_word' id='word_1_100' title='bbox 1494 1077 1567 1123; x_wconf 79' lang='lat' dir='ltr'>Gr.</span> <span class='ocrx_word' id='word_1_101' title='bbox 1582 1079 1599 1103; x_wconf 76' lang='lat'>4</span> <span class='ocrx_word' id='word_1_102' title='bbox 1616 1078 1659 1120; x_wconf 88' lang='lat' dir='ltr'>II</span> <span class='ocrx_word' id='word_1_103' title='bbox 1675 1094 1720 1134; x_wconf 87' lang='lat' dir='ltr'>p.</span> <span class='ocrx_word' id='word_1_104' title='bbox 1732 1083 1817 1123; x_wconf 83' lang='lat'>367</span> <span class='ocrx_word' id='word_1_105' title='bbox 1830 1092 1895 1132; x_wconf 87' lang='lat' dir='ltr'>sq.</span> 
     </span>
     <span class='ocr_line' id='line_1_14' title="bbox 209 1143 1898 1201; baseline -0.001 -14"><span class='ocrx_word' id='word_1_106' title='bbox 209 1144 288 1201; x_wconf 88' lang='lat' dir='ltr'>(ad</span> <span class='ocrx_word' id='word_1_107' title='bbox 314 1144 518 1188; x_wconf 85' lang='lat' dir='ltr'>Cratetis</span> <span class='ocrx_word' id='word_1_108' title='bbox 550 1144 604 1189; x_wconf 87' lang='lat' dir='ltr'>fr.</span> <span class='ocrx_word' id='word_1_109' title='bbox 634 1146 719 1199; x_wconf 88' lang='lat'>10).</span> <span class='ocrx_word' id='word_1_110' title='bbox 769 1144 1009 1201; x_wconf 87' lang='lat' dir='ltr'>(Eiusdem</span> <span class='ocrx_word' id='word_1_111' title='bbox 1036 1146 1092 1188; x_wconf 91' lang='lat' dir='ltr'>de</span> <span class='ocrx_word' id='word_1_112' title='bbox 1118 1144 1315 1189; x_wconf 90' lang='lat' dir='ltr'>Zenonis</span> <span class='ocrx_word' id='word_1_113' title='bbox 1350 1144 1507 1200; x_wconf 89' lang='lat' dir='ltr'>aliquo</span> <span class='ocrx_word' id='word_1_114' title='bbox 1540 1145 1744 1188; x_wconf 85' lang='lat' dir='ltr'>carmine</span> <span class='ocrx_word' id='word_1_115' title='bbox 1777 1143 1898 1187; x_wconf 90' lang='lat' dir='ltr'>eius-</span> 
     </span>
     <span class='ocr_line' id='line_1_15' title="bbox 207 1210 1453 1267; baseline 0.002 -15"><span class='ocrx_word' id='word_1_116' title='bbox 207 1210 337 1254; x_wconf 87' lang='lat' dir='ltr'>modi</span> <span class='ocrx_word' id='word_1_117' title='bbox 370 1210 640 1266; x_wconf 84' lang='lat' dir='ltr'>opinionem</span> <span class='ocrx_word' id='word_1_118' title='bbox 671 1211 898 1254; x_wconf 83' lang='lat' dir='ltr'>refutavit</span> <span class='ocrx_word' id='word_1_119' title='bbox 930 1210 1314 1255; x_wconf 88' lang='lat' dir='ltr'>Wachsmuthius</span> <span class='ocrx_word' id='word_1_120' title='bbox 1346 1211 1375 1254; x_wconf 93' lang='grc'>1.</span> <span class='ocrx_word' id='word_1_121' title='bbox 1402 1210 1453 1267; x_wconf 89' lang='grc'>1.)</span> 
     </span>
    </p>
   </div>
   <div class='ocr_carea' id='block_1_5' title="bbox 203 1282 1898 2940">
    <p class='ocr_par' dir='ltr' id='par_1_5' title="bbox 207 1282 1898 1538">
     <span class='ocr_line' id='line_1_16' title="bbox 329 1282 1898 1340; baseline 0.001 -14"><span class='ocrx_word' id='word_1_122' title='bbox 329 1287 373 1339; x_wconf 83' lang='grc'>2)</span> <span class='ocrx_word' id='word_1_123' title='bbox 409 1282 644 1328; x_wconf 81' lang='lat' dir='ltr'>Chamael.</span> <span class='ocrx_word' id='word_1_124' title='bbox 679 1298 751 1340; x_wconf 82' lang='lat' dir='ltr'>ap.</span> <span class='ocrx_word' id='word_1_125' title='bbox 785 1283 894 1328; x_wconf 83' lang='lat' dir='ltr'>Ath.</span> <span class='ocrx_word' id='word_1_126' title='bbox 919 1285 984 1328; x_wconf 90' lang='lat' dir='ltr'>IX</span> <span class='ocrx_word' id='word_1_127' title='bbox 1016 1284 1151 1328; x_wconf 81' lang='lat' dir='ltr'><strong>406f:</strong></span> <span class='ocrx_word' id='word_1_128' title='bbox 1187 1283 1374 1339; x_wconf 84' lang='grc' dir='ltr'><em>εἰσῆλθε</em></span> <span class='ocrx_word' id='word_1_129' title='bbox 1407 1282 1460 1327; x_wconf 89' lang='grc' dir='ltr'>δέ</span> <span class='ocrx_word' id='word_1_130' title='bbox 1491 1300 1603 1328; x_wconf 85' lang='grc' dir='ltr'><em>ποτε</em></span> <span class='ocrx_word' id='word_1_131' title='bbox 1637 1283 1717 1327; x_wconf 82' lang='grc' dir='ltr'>καὶ</span> <span class='ocrx_word' id='word_1_132' title='bbox 1749 1282 1814 1334; x_wconf 82' lang='grc' dir='ltr'>εἰς</span> <span class='ocrx_word' id='word_1_133' title='bbox 1845 1284 1898 1327; x_wconf 87' lang='grc' dir='ltr'>τὸ</span> 
     </span>
     <span class='ocr_line' id='line_1_17' title="bbox 208 1347 1898 1410; baseline 0.001 -18"><span class='ocrx_word' id='word_1_134' title='bbox 208 1347 415 1406; x_wconf 87' lang='grc' dir='ltr'><em>θέατρον</em></span> <span class='ocrx_word' id='word_1_135' title='bbox 449 1349 688 1394; x_wconf 75' lang='grc' dir='ltr'><em>διδάσκων</em></span> <span class='ocrx_word' id='word_1_136' title='bbox 720 1352 969 1410; x_wconf 76' lang='grc' dir='ltr'><em>κωμῳδίαν</em></span> <span class='ocrx_word' id='word_1_137' title='bbox 1002 1351 1150 1393; x_wconf 86' lang='grc' dir='ltr'><em>λίθων</em></span> <span class='ocrx_word' id='word_1_138' title='bbox 1177 1347 1294 1406; x_wconf 80' lang='grc' dir='ltr'><em>ἔχων</em></span> <span class='ocrx_word' id='word_1_139' title='bbox 1318 1353 1487 1406; x_wconf 86' lang='grc' dir='ltr'><em>πλῆρες</em></span> <span class='ocrx_word' id='word_1_140' title='bbox 1510 1350 1560 1393; x_wconf 89' lang='grc' dir='ltr'>τὸ</span> <span class='ocrx_word' id='word_1_141' title='bbox 1587 1348 1783 1406; x_wconf 76' lang='grc' dir='ltr'><em>ἷμάτιον,</em></span> <span class='ocrx_word' id='word_1_142' title='bbox 1819 1349 1898 1400; x_wconf 70' lang='grc' dir='ltr'>οὓς</span> 
     </span>
     <span class='ocr_line' id='line_1_18' title="bbox 210 1412 1898 1473; baseline 0 -15"><span class='ocrx_word' id='word_1_143' title='bbox 210 1414 389 1473; x_wconf 73' lang='grc' dir='ltr'><em>βάλλων</em></span> <span class='ocrx_word' id='word_1_144' title='bbox 423 1414 488 1466; x_wconf 81' lang='grc' dir='ltr'>εἰς</span> <span class='ocrx_word' id='word_1_145' title='bbox 519 1415 604 1472; x_wconf 84' lang='grc' dir='ltr'>τὴν</span> <span class='ocrx_word' id='word_1_146' title='bbox 638 1415 898 1473; x_wconf 82' lang='grc' dir='ltr'><strong><em>ὀρχήστραν</em></strong></span> <span class='ocrx_word' id='word_1_147' title='bbox 931 1418 1177 1472; x_wconf 79' lang='grc' dir='ltr'><em>διαπορεῖν</em></span> <span class='ocrx_word' id='word_1_148' title='bbox 1211 1412 1397 1471; x_wconf 79' lang='grc' dir='ltr'><em>ἐποίησε</em></span> <span class='ocrx_word' id='word_1_149' title='bbox 1429 1416 1536 1466; x_wconf 80' lang='grc' dir='ltr'><em>τοὺς</em></span> <span class='ocrx_word' id='word_1_150' title='bbox 1566 1415 1757 1466; x_wconf 82' lang='grc' dir='ltr'><em>θεατάς.</em></span> <span class='ocrx_word' id='word_1_151' title='bbox 1818 1415 1898 1459; x_wconf 76' lang='grc' dir='ltr'>καὶ</span> 
     </span>
     <span class='ocr_line' id='line_1_19' title="bbox 207 1480 777 1538; baseline 0.004 -14"><span class='ocrx_word' id='word_1_152' title='bbox 207 1481 362 1538; x_wconf 77' lang='grc' dir='ltr'><em>ὀλίγον</em></span> <span class='ocrx_word' id='word_1_153' title='bbox 395 1483 623 1528; x_wconf 83' lang='grc' dir='ltr'><em>διαλιπὼν</em></span> <span class='ocrx_word' id='word_1_154' title='bbox 656 1480 777 1526; x_wconf 82' lang='grc' dir='ltr'><em>εἶπε·</em></span> 
     </span>
    </p>

    <p class='ocr_par' dir='ltr' id='par_1_6' title="bbox 203 1553 1897 2940">
     <span class='ocr_line' id='line_1_20' title="bbox 539 1553 1599 1613; baseline 0 -15"><span class='ocrx_word' id='word_1_155' title='bbox 539 1557 668 1598; x_wconf 89' lang='grc' dir='ltr'><em>λίθοι</em></span> <span class='ocrx_word' id='word_1_156' title='bbox 699 1553 783 1611; x_wconf 73' lang='grc' dir='ltr'>μὲν</span> <span class='ocrx_word' id='word_1_157' title='bbox 817 1556 933 1599; x_wconf 77' lang='grc' dir='ltr'><em>οἵδε·</em></span> <span class='ocrx_word' id='word_1_158' title='bbox 970 1554 1168 1613; x_wconf 84' lang='grc' dir='ltr'><em>βαλλέτω</em></span> <span class='ocrx_word' id='word_1_159' title='bbox 1203 1555 1250 1599; x_wconf 80' lang='grc' dir='ltr'>δ’</span> <span class='ocrx_word' id='word_1_160' title='bbox 1277 1556 1327 1599; x_wconf 79' lang='grc' dir='ltr'>εἴ</span> <span class='ocrx_word' id='word_1_161' title='bbox 1349 1572 1416 1606; x_wconf 83' lang='grc' dir='ltr'><em>τις</em></span> <span class='ocrx_word' id='word_1_162' title='bbox 1446 1553 1599 1599; x_wconf 81' lang='grc' dir='ltr'><em>θέλει·</em></span> 
     </span>
     <span class='ocr_line' id='line_1_21' title="bbox 536 1620 1565 1678; baseline 0 -14"><span class='ocrx_word' id='word_1_163' title='bbox 536 1627 666 1677; x_wconf 81' lang='grc' dir='ltr'><em>φακῆ</em></span> <span class='ocrx_word' id='word_1_164' title='bbox 700 1620 751 1665; x_wconf 73' lang='grc' dir='ltr'>δὲ</span> <span class='ocrx_word' id='word_1_165' title='bbox 785 1622 874 1665; x_wconf 79' lang='grc' dir='ltr'>κάν</span> <span class='ocrx_word' id='word_1_166' title='bbox 906 1628 1098 1678; x_wconf 85' lang='grc' dir='ltr'><em>χειμῶνι</em></span> <span class='ocrx_word' id='word_1_167' title='bbox 1130 1622 1220 1666; x_wconf 78' lang='grc' dir='ltr'>κάν</span> <span class='ocrx_word' id='word_1_168' title='bbox 1251 1620 1387 1677; x_wconf 82' lang='grc' dir='ltr'><em>θέρει</em></span> <span class='ocrx_word' id='word_1_169' title='bbox 1419 1627 1565 1677; x_wconf 80' lang='grc' dir='ltr'><em>φακῆ.</em></span> 
     </span>
     <span class='ocr_line' id='line_1_22' title="bbox 211 1691 1894 1753; baseline -0.001 -14"><span class='ocrx_word' id='word_1_170' title='bbox 211 1696 419 1741; x_wconf 82' lang='lat' dir='ltr'>Venetus</span> <span class='ocrx_word' id='word_1_171' title='bbox 458 1696 604 1740; x_wconf 70' lang='lat' dir='ltr'>habet</span> <span class='ocrx_word' id='word_1_172' title='bbox 643 1702 772 1752; x_wconf 81' lang='grc' dir='ltr'><em>φακῆ</em></span> <span class='ocrx_word' id='word_1_173' title='bbox 814 1694 866 1739; x_wconf 70' lang='grc' dir='ltr'>δὲ</span> <span class='ocrx_word' id='word_1_174' title='bbox 906 1695 987 1739; x_wconf 77' lang='grc' dir='ltr'>καὶ</span> <span class='ocrx_word' id='word_1_175' title='bbox 1028 1691 1078 1740; x_wconf 80' lang='grc' dir='ltr'>ἒν</span> <span class='ocrx_word' id='word_1_176' title='bbox 1108 1694 1244 1753; x_wconf 81' lang='grc' dir='ltr'><em>θέρει</em></span> <span class='ocrx_word' id='word_1_177' title='bbox 1275 1695 1356 1738; x_wconf 79' lang='grc' dir='ltr'>καὶ</span> <span class='ocrx_word' id='word_1_178' title='bbox 1388 1691 1438 1739; x_wconf 81' lang='grc' dir='ltr'>ἕν</span> <span class='ocrx_word' id='word_1_179' title='bbox 1470 1701 1661 1752; x_wconf 86' lang='grc' dir='ltr'><em>χειμῶνι</em></span> <span class='ocrx_word' id='word_1_180' title='bbox 1693 1693 1894 1752; x_wconf 81' lang='grc' dir='ltr'><em>ἀγαθόν.</em></span> 
     </span>
     <span class='ocr_line' id='line_1_23' title="bbox 207 1760 1897 1818; baseline -0.001 -12"><span class='ocrx_word' id='word_1_181' title='bbox 207 1763 328 1807; x_wconf 87' lang='lat' dir='ltr'>Dedi</span> <span class='ocrx_word' id='word_1_182' title='bbox 369 1763 495 1818; x_wconf 88' lang='lat' dir='ltr'>quod</span> <span class='ocrx_word' id='word_1_183' title='bbox 534 1760 736 1805; x_wconf 89' lang='lat' dir='ltr'>coniecit</span> <span class='ocrx_word' id='word_1_184' title='bbox 766 1760 1043 1805; x_wconf 87' lang='lat' dir='ltr'>Leutschius</span> <span class='ocrx_word' id='word_1_185' title='bbox 1077 1761 1268 1818; x_wconf 83' lang='lat' dir='ltr'>(PhiloL</span> <span class='ocrx_word' id='word_1_186' title='bbox 1300 1761 1343 1804; x_wconf 92' lang='lat' dir='ltr'><strong>X</strong></span> <span class='ocrx_word' id='word_1_187' title='bbox 1381 1777 1426 1818; x_wconf 88' lang='lat' dir='ltr'>p.</span> <span class='ocrx_word' id='word_1_188' title='bbox 1457 1765 1568 1817; x_wconf 81' lang='lat'>704)</span> <span class='ocrx_word' id='word_1_189' title='bbox 1609 1775 1663 1805; x_wconf 87' lang='lat' dir='ltr'>ex</span> <span class='ocrx_word' id='word_1_190' title='bbox 1700 1761 1897 1805; x_wconf 87' lang='lat' dir='ltr'>Macarii</span> 
     </span>
     <span class='ocr_line' id='line_1_24' title="bbox 205 1823 1896 1885; baseline 0.001 -14"><span class='ocrx_word' id='word_1_191' title='bbox 205 1828 340 1873; x_wconf 89' lang='lat' dir='ltr'>Prov.</span> <span class='ocrx_word' id='word_1_192' title='bbox 373 1827 484 1873; x_wconf 85' lang='lat' dir='ltr'><strong>VIII</strong></span> <span class='ocrx_word' id='word_1_193' title='bbox 517 1833 594 1872; x_wconf 82' lang='lat'>71:</span> <span class='ocrx_word' id='word_1_194' title='bbox 628 1833 758 1884; x_wconf 83' lang='grc' dir='ltr'><em>φακῆ</em></span> <span class='ocrx_word' id='word_1_195' title='bbox 784 1825 836 1871; x_wconf 75' lang='grc' dir='ltr'>δὲ</span> <span class='ocrx_word' id='word_1_196' title='bbox 868 1828 959 1871; x_wconf 79' lang='grc' dir='ltr'>κάν</span> <span class='ocrx_word' id='word_1_197' title='bbox 990 1826 1126 1884; x_wconf 85' lang='grc' dir='ltr'><em>θέρει</em></span> <span class='ocrx_word' id='word_1_198' title='bbox 1157 1828 1248 1872; x_wconf 72' lang='grc' dir='ltr'>κᾶν</span> <span class='ocrx_word' id='word_1_199' title='bbox 1279 1834 1471 1885; x_wconf 86' lang='grc' dir='ltr'><em>χειμῶνι</em></span> <span class='ocrx_word' id='word_1_200' title='bbox 1502 1834 1653 1884; x_wconf 81' lang='grc' dir='ltr'><em>φακῆ·</em></span> <span class='ocrx_word' id='word_1_201' title='bbox 1695 1823 1772 1871; x_wconf 82' lang='grc' dir='ltr'><em>ε’πὶ</em></span> <span class='ocrx_word' id='word_1_202' title='bbox 1802 1834 1896 1872; x_wconf 85' lang='grc' dir='ltr'>τῶν</span> 
     </span>
     <span class='ocr_line' id='line_1_25' title="bbox 206 1892 1896 1951; baseline 0 -14"><span class='ocrx_word' id='word_1_203' title='bbox 206 1894 282 1938; x_wconf 78' lang='grc' dir='ltr'>ἀεὶ</span> <span class='ocrx_word' id='word_1_204' title='bbox 311 1901 404 1939; x_wconf 84' lang='grc' dir='ltr'>τῶν</span> <span class='ocrx_word' id='word_1_205' title='bbox 438 1895 592 1938; x_wconf 76' lang='grc' dir='ltr'><em>αὐτῶν</em></span> <span class='ocrx_word' id='word_1_206' title='bbox 619 1892 779 1937; x_wconf 84' lang='grc' dir='ltr'><em>ὄντων.</em></span> <span class='ocrx_word' id='word_1_207' title='bbox 819 1892 1030 1937; x_wconf 89' lang='lat' dir='ltr'>Dobreus</span> <span class='ocrx_word' id='word_1_208' title='bbox 1056 1893 1246 1949; x_wconf 88' lang='lat' dir='ltr'>scripsit</span> <span class='ocrx_word' id='word_1_209' title='bbox 1276 1894 1464 1950; x_wconf 77' lang='grc' dir='ltr'><em>ἀγαθὸν</em></span> <span class='ocrx_word' id='word_1_210' title='bbox 1497 1892 1549 1938; x_wconf 75' lang='grc' dir='ltr'>δὲ</span> <span class='ocrx_word' id='word_1_211' title='bbox 1582 1894 1672 1938; x_wconf 78' lang='grc' dir='ltr'>κάν</span> <span class='ocrx_word' id='word_1_212' title='bbox 1705 1901 1896 1951; x_wconf 86' lang='grc' dir='ltr'><em>χειμῶνι</em></span> 
     </span>
     <span class='ocr_line' id='line_1_26' title="bbox 206 1957 1896 2018; baseline 0 -14"><span class='ocrx_word' id='word_1_213' title='bbox 206 1961 297 2005; x_wconf 76' lang='grc' dir='ltr'>κᾶν</span> <span class='ocrx_word' id='word_1_214' title='bbox 321 1960 458 2018; x_wconf 76' lang='grc' dir='ltr'><em>θέρει</em></span> <span class='ocrx_word' id='word_1_215' title='bbox 481 1966 628 2017; x_wconf 79' lang='grc' dir='ltr'><em>φακῆ,</em></span> <span class='ocrx_word' id='word_1_216' title='bbox 654 1959 779 2015; x_wconf 89' lang='lat' dir='ltr'>quod</span> <span class='ocrx_word' id='word_1_217' title='bbox 802 1958 982 2015; x_wconf 87' lang='lat' dir='ltr'>recepit</span> <span class='ocrx_word' id='word_1_218' title='bbox 1004 1957 1263 2015; x_wconf 87' lang='lat' dir='ltr'>Kaibelius,</span> <span class='ocrx_word' id='word_1_219' title='bbox 1288 1959 1552 2004; x_wconf 88' lang='lat' dir='ltr'>Meinekius</span> <span class='ocrx_word' id='word_1_220' title='bbox 1578 1965 1708 2016; x_wconf 79' lang='grc' dir='ltr'><em>φακῆ</em></span> <span class='ocrx_word' id='word_1_221' title='bbox 1727 1957 1779 2003; x_wconf 77' lang='grc' dir='ltr'>δὲ</span> <span class='ocrx_word' id='word_1_222' title='bbox 1804 1960 1896 2004; x_wconf 77' lang='grc' dir='ltr'>κᾶν</span> 
     </span>
     <span class='ocr_line' id='line_1_27' title="bbox 204 2023 1896 2084; baseline -0.002 -13"><span class='ocrx_word' id='word_1_223' title='bbox 204 2033 398 2084; x_wconf 83' lang='grc' dir='ltr'><em>χειμῶνι</em></span> <span class='ocrx_word' id='word_1_224' title='bbox 438 2027 529 2070; x_wconf 76' lang='grc' dir='ltr'>κᾶν</span> <span class='ocrx_word' id='word_1_225' title='bbox 567 2023 705 2082; x_wconf 78' lang='grc' dir='ltr'><em>θέρει</em></span> <span class='ocrx_word' id='word_1_226' title='bbox 743 2023 900 2069; x_wconf 83' lang='grc' dir='ltr'><em>καλόν.</em></span> <span class='ocrx_word' id='word_1_227' title='bbox 964 2024 1209 2069; x_wconf 87' lang='lat' dir='ltr'>Uberrime</span> <span class='ocrx_word' id='word_1_228' title='bbox 1249 2026 1306 2070; x_wconf 93' lang='lat' dir='ltr'>de</span> <span class='ocrx_word' id='word_1_229' title='bbox 1345 2026 1418 2069; x_wconf 80' lang='lat' dir='ltr'>his</span> <span class='ocrx_word' id='word_1_230' title='bbox 1457 2024 1669 2070; x_wconf 84' lang='lat' dir='ltr'>versibus</span> <span class='ocrx_word' id='word_1_231' title='bbox 1709 2027 1896 2083; x_wconf 85' lang='lat' dir='ltr'>praeter</span> 
     </span>
     <span class='ocr_line' id='line_1_28' title="bbox 211 2091 1896 2149; baseline -0.002 -12"><span class='ocrx_word' id='word_1_232' title='bbox 211 2094 393 2137; x_wconf 88' lang='lat' dir='ltr'>ceteros</span> <span class='ocrx_word' id='word_1_233' title='bbox 419 2091 678 2149; x_wconf 88' lang='lat' dir='ltr'>disputavit</span> <span class='ocrx_word' id='word_1_234' title='bbox 699 2091 974 2135; x_wconf 84' lang='lat' dir='ltr'>Leutschius</span> <span class='ocrx_word' id='word_1_235' title='bbox 999 2091 1079 2135; x_wconf 90' lang='grc'><strong>1.1.</strong></span> <span class='ocrx_word' id='word_1_236' title='bbox 1127 2091 1246 2134; x_wconf 89' lang='lat' dir='ltr'>Mihi</span> <span class='ocrx_word' id='word_1_237' title='bbox 1267 2092 1476 2148; x_wconf 85' lang='lat' dir='ltr'>Hegemo</span> <span class='ocrx_word' id='word_1_238' title='bbox 1508 2091 1719 2134; x_wconf 86' lang='lat' dir='ltr'>fabulam</span> <span class='ocrx_word' id='word_1_239' title='bbox 1751 2104 1896 2148; x_wconf 87' lang='lat' dir='ltr'>agens</span> 
     </span>
     <span class='ocr_line' id='line_1_29' title="bbox 205 2156 1893 2216; baseline -0.001 -14"><span class='ocrx_word' id='word_1_240' title='bbox 205 2158 503 2216; x_wconf 84' lang='lat' dir='ltr'>displicuisse</span> <span class='ocrx_word' id='word_1_241' title='bbox 541 2158 728 2203; x_wconf 87' lang='lat' dir='ltr'>videtur</span> <span class='ocrx_word' id='word_1_242' title='bbox 767 2159 815 2201; x_wconf 93' lang='lat' dir='ltr'>et</span> <span class='ocrx_word' id='word_1_243' title='bbox 845 2156 1205 2201; x_wconf 71' lang='lat' dir='ltr'>Atheniensium</span> <span class='ocrx_word' id='word_1_244' title='bbox 1243 2170 1370 2202; x_wconf 90' lang='lat' dir='ltr'>more</span> <span class='ocrx_word' id='word_1_245' title='bbox 1409 2157 1648 2214; x_wconf 88' lang='lat' dir='ltr'>lapidibus</span> <span class='ocrx_word' id='word_1_246' title='bbox 1682 2170 1783 2201; x_wconf 85' lang='lat' dir='ltr'>esse</span> <span class='ocrx_word' id='word_1_247' title='bbox 1814 2170 1893 2214; x_wconf 88' lang='lat' dir='ltr'>pe—</span> 
     </span>
     <span class='ocr_line' id='line_1_30' title="bbox 205 2222 1893 2280; baseline -0.001 -12"><span class='ocrx_word' id='word_1_248' title='bbox 205 2225 344 2278; x_wconf 85' lang='lat' dir='ltr'>titus;</span> <span class='ocrx_word' id='word_1_249' title='bbox 385 2238 528 2280; x_wconf 88' lang='lat' dir='ltr'>quare</span> <span class='ocrx_word' id='word_1_250' title='bbox 568 2226 622 2268; x_wconf 91' lang='lat' dir='ltr'>ut</span> <span class='ocrx_word' id='word_1_251' title='bbox 659 2223 764 2269; x_wconf 91' lang='lat' dir='ltr'>ioco</span> <span class='ocrx_word' id='word_1_252' title='bbox 805 2224 1010 2280; x_wconf 89' lang='lat' dir='ltr'>quodam</span> <span class='ocrx_word' id='word_1_253' title='bbox 1049 2222 1332 2267; x_wconf 70' lang='lat' dir='ltr'>exhilararet</span> <span class='ocrx_word' id='word_1_254' title='bbox 1364 2225 1683 2280; x_wconf 88' lang='lat' dir='ltr'>spectatorum</span> <span class='ocrx_word' id='word_1_255' title='bbox 1713 2222 1893 2267; x_wconf 88' lang='lat' dir='ltr'>animos</span> 
     </span>
     <span class='ocr_line' id='line_1_31' title="bbox 208 2288 1894 2346; baseline -0.001 -12"><span class='ocrx_word' id='word_1_256' title='bbox 208 2290 670 2346; x_wconf 83' lang='lat' dir='ltr'>obtrectatorumque</span> <span class='ocrx_word' id='word_1_257' title='bbox 709 2289 938 2334; x_wconf 84' lang='lat' dir='ltr'>invidiam</span> <span class='ocrx_word' id='word_1_258' title='bbox 975 2289 1246 2346; x_wconf 83' lang='lat' dir='ltr'>petulanter</span> <span class='ocrx_word' id='word_1_259' title='bbox 1283 2288 1529 2345; x_wconf 77' lang='lat' dir='ltr'>inrideret,</span> <span class='ocrx_word' id='word_1_260' title='bbox 1569 2289 1806 2345; x_wconf 89' lang='lat' dir='ltr'>lapidibus</span> <span class='ocrx_word' id='word_1_261' title='bbox 1844 2289 1894 2332; x_wconf 90' lang='lat' dir='ltr'>in</span> 
     </span>
     <span class='ocr_line' id='line_1_32' title="bbox 205 2353 1892 2409; baseline -0.002 -9"><span class='ocrx_word' id='word_1_262' title='bbox 205 2358 493 2400; x_wconf 77' lang='lat' dir='ltr'>orchestram</span> <span class='ocrx_word' id='word_1_263' title='bbox 525 2355 683 2400; x_wconf 87' lang='lat' dir='ltr'>effusis</span> <span class='ocrx_word' id='word_1_264' title='bbox 721 2356 812 2401; x_wconf 91' lang='lat' dir='ltr'>hoc</span> <span class='ocrx_word' id='word_1_265' title='bbox 850 2355 946 2409; x_wconf 86' lang='lat' dir='ltr'>fere</span> <span class='ocrx_word' id='word_1_266' title='bbox 978 2354 1166 2398; x_wconf 86' lang='lat' dir='ltr'>videtur</span> <span class='ocrx_word' id='word_1_267' title='bbox 1203 2354 1299 2397; x_wconf 85' lang='lat' dir='ltr'>illis</span> <span class='ocrx_word' id='word_1_268' title='bbox 1337 2355 1548 2399; x_wconf 86' lang='lat' dir='ltr'>versibus</span> <span class='ocrx_word' id='word_1_269' title='bbox 1579 2353 1784 2399; x_wconf 85' lang='lat' dir='ltr'>voluisse</span> <span class='ocrx_word' id='word_1_270' title='bbox 1822 2354 1892 2397; x_wconf 90' lang='lat' dir='ltr'>in-</span> 
     </span>
     <span class='ocr_line' id='line_1_33' title="bbox 205 2418 1893 2478; baseline -0.002 -13"><span class='ocrx_word' id='word_1_271' title='bbox 205 2421 384 2467; x_wconf 87' lang='lat' dir='ltr'>dicare:</span> <span class='ocrx_word' id='word_1_272' title='bbox 421 2421 524 2466; x_wconf 74' lang='lat' dir='ltr'>‘vel</span> <span class='ocrx_word' id='word_1_273' title='bbox 554 2422 678 2466; x_wconf 88' lang='lat' dir='ltr'>ultro</span> <span class='ocrx_word' id='word_1_274' title='bbox 709 2421 844 2466; x_wconf 85' lang='lat' dir='ltr'>vobis</span> <span class='ocrx_word' id='word_1_275' title='bbox 874 2419 1058 2478; x_wconf 85' lang='lat' dir='ltr'>lapides</span> <span class='ocrx_word' id='word_1_276' title='bbox 1089 2420 1294 2476; x_wconf 89' lang='lat' dir='ltr'>praebeo</span> <span class='ocrx_word' id='word_1_277' title='bbox 1327 2434 1442 2476; x_wconf 88' lang='lat' dir='ltr'>quos</span> <span class='ocrx_word' id='word_1_278' title='bbox 1474 2420 1524 2464; x_wconf 90' lang='lat' dir='ltr'>in</span> <span class='ocrx_word' id='word_1_279' title='bbox 1547 2433 1622 2464; x_wconf 90' lang='lat' dir='ltr'>me</span> <span class='ocrx_word' id='word_1_280' title='bbox 1646 2418 1893 2463; x_wconf 83' lang='lat' dir='ltr'>coniciatis</span> 
     </span>
     <span class='ocr_line' id='line_1_34' title="bbox 204 2485 1892 2545; baseline -0.002 -13"><span class='ocrx_word' id='word_1_281' title='bbox 204 2490 369 2545; x_wconf 85' lang='lat' dir='ltr'>utpote</span> <span class='ocrx_word' id='word_1_282' title='bbox 401 2487 482 2544; x_wconf 89' lang='lat' dir='ltr'>qui</span> <span class='ocrx_word' id='word_1_283' title='bbox 509 2490 641 2544; x_wconf 81' lang='grc' dir='ltr'><em>Φακῆ</em></span> <span class='ocrx_word' id='word_1_284' title='bbox 666 2487 780 2531; x_wconf 86' lang='lat' dir='ltr'>sim&#39;</span> <span class='ocrx_word' id='word_1_285' title='bbox 817 2487 885 2543; x_wconf 89' lang='lat' dir='ltr'>(in</span> <span class='ocrx_word' id='word_1_286' title='bbox 906 2485 1113 2530; x_wconf 87' lang='lat' dir='ltr'>lentibus</span> <span class='ocrx_word' id='word_1_287' title='bbox 1139 2486 1264 2531; x_wconf 88' lang='lat' dir='ltr'>enim</span> <span class='ocrx_word' id='word_1_288' title='bbox 1286 2501 1380 2531; x_wconf 91' lang='lat' dir='ltr'>non</span> <span class='ocrx_word' id='word_1_289' title='bbox 1404 2485 1658 2543; x_wconf 85' lang='lat' dir='ltr'>diligenter</span> <span class='ocrx_word' id='word_1_290' title='bbox 1676 2485 1892 2543; x_wconf 84' lang='lat' dir='ltr'>purgatis</span> 
     </span>
     <span class='ocr_line' id='line_1_35' title="bbox 206 2551 1893 2609; baseline -0.001 -11"><span class='ocrx_word' id='word_1_291' title='bbox 206 2553 377 2598; x_wconf 84' lang='lat' dir='ltr'>calculi</span> <span class='ocrx_word' id='word_1_292' title='bbox 399 2553 554 2598; x_wconf 88' lang='lat' dir='ltr'>inesse</span> <span class='ocrx_word' id='word_1_293' title='bbox 580 2553 754 2607; x_wconf 80' lang='lat' dir='ltr'>solent3</span> <span class='ocrx_word' id='word_1_294' title='bbox 789 2552 845 2597; x_wconf 87' lang='lat' dir='ltr'>cf.</span> <span class='ocrx_word' id='word_1_295' title='bbox 872 2551 1226 2597; x_wconf 86' lang='lat' dir='ltr'>acerbissimum</span> <span class='ocrx_word' id='word_1_296' title='bbox 1254 2552 1411 2597; x_wconf 91' lang='lat' dir='ltr'>iocum</span> <span class='ocrx_word' id='word_1_297' title='bbox 1427 2551 1598 2608; x_wconf 85' lang='lat' dir='ltr'>Corydi</span> <span class='ocrx_word' id='word_1_298' title='bbox 1619 2551 1820 2609; x_wconf 88' lang='lat' dir='ltr'>parasiti</span> <span class='ocrx_word' id='word_1_299' title='bbox 1842 2552 1893 2596; x_wconf 84' lang='lat' dir='ltr'>in</span> 
     </span>
     <span class='ocr_line' id='line_1_36' title="bbox 206 2616 1893 2678; baseline -0.001 -14"><span class='ocrx_word' id='word_1_300' title='bbox 206 2621 384 2666; x_wconf 85' lang='lat' dir='ltr'>malum</span> <span class='ocrx_word' id='word_1_301' title='bbox 401 2619 726 2665; x_wconf 83' lang='lat' dir='ltr'>citharoedum</span> <span class='ocrx_word' id='word_1_302' title='bbox 741 2617 941 2676; x_wconf 89' lang='lat' dir='ltr'>(Ath.VI</span> <span class='ocrx_word' id='word_1_303' title='bbox 958 2622 1043 2662; x_wconf 78' lang='lat'>245</span> <span class='ocrx_word' id='word_1_304' title='bbox 1054 2618 1124 2675; x_wconf 89' lang='lat' dir='ltr'>d):</span> <span class='ocrx_word' id='word_1_305' title='bbox 1143 2618 1438 2676; x_wconf 69' lang='grc' dir='ltr'><em>Πολύκτορος</em></span> <span class='ocrx_word' id='word_1_306' title='bbox 1454 2616 1506 2662; x_wconf 77' lang='grc' dir='ltr'>δὲ</span> <span class='ocrx_word' id='word_1_307' title='bbox 1519 2624 1601 2662; x_wconf 83' lang='grc' dir='ltr'>τοῦ</span> <span class='ocrx_word' id='word_1_308' title='bbox 1618 2619 1893 2678; x_wconf 82' lang='grc' dir='ltr'><em>κιθαρῳδοῦ</em></span> 
     </span>
     <span class='ocr_line' id='line_1_37' title="bbox 205 2681 1896 2745; baseline -0.003 -13"><span class='ocrx_word' id='word_1_309' title='bbox 205 2693 368 2744; x_wconf 82' lang='grc' dir='ltr'><em>φακῆν</em></span> <span class='ocrx_word' id='word_1_310' title='bbox 401 2684 662 2745; x_wconf 69' lang='grc' dir='ltr'><em>ῥοφοῦντος</em></span> <span class='ocrx_word' id='word_1_311' title='bbox 693 2684 774 2729; x_wconf 78' lang='grc' dir='ltr'>καὶ</span> <span class='ocrx_word' id='word_1_312' title='bbox 813 2685 951 2728; x_wconf 83' lang='grc' dir='ltr'><em>λίθον</em></span> <span class='ocrx_word' id='word_1_313' title='bbox 991 2682 1321 2741; x_wconf 84' lang='grc' dir='ltr'><em>μασησαμένου</em></span> <span class='ocrx_word' id='word_1_314' title='bbox 1363 2681 1422 2729; x_wconf 65' lang='grc' dir='ltr'>εὦ</span> <span class='ocrx_word' id='word_1_315' title='bbox 1461 2685 1743 2742; x_wconf 84' lang='grc' dir='ltr'><em>ταλαίπωρε,</em></span> <span class='ocrx_word' id='word_1_316' title='bbox 1786 2682 1896 2740; x_wconf 76' lang='grc' dir='ltr'><em>ἔφη,</em></span> 
     </span>
     <span class='ocr_line' id='line_1_38' title="bbox 203 2749 1886 2810; baseline -0.002 -14"><span class='ocrx_word' id='word_1_317' title='bbox 203 2753 286 2796; x_wconf 70' lang='grc' dir='ltr'>καὶ</span> <span class='ocrx_word' id='word_1_318' title='bbox 324 2753 352 2809; x_wconf 84' lang='grc' dir='ltr'>ἡ</span> <span class='ocrx_word' id='word_1_319' title='bbox 393 2759 523 2810; x_wconf 79' lang='grc' dir='ltr'><em>φακῆ</em></span> <span class='ocrx_word' id='word_1_320' title='bbox 563 2766 612 2797; x_wconf 81' lang='grc' dir='ltr'>σε</span> <span class='ocrx_word' id='word_1_321' title='bbox 654 2750 880 2810; x_wconf 75' lang='grc' dir='ltr'><em>βάλλει’);</em></span> <span class='ocrx_word' id='word_1_322' title='bbox 923 2752 1000 2795; x_wconf 81' lang='lat' dir='ltr'>‘et</span> <span class='ocrx_word' id='word_1_323' title='bbox 1037 2750 1191 2795; x_wconf 90' lang='lat' dir='ltr'>hieme</span> <span class='ocrx_word' id='word_1_324' title='bbox 1232 2752 1280 2794; x_wconf 91' lang='lat' dir='ltr'>et</span> <span class='ocrx_word' id='word_1_325' title='bbox 1319 2750 1502 2794; x_wconf 85' lang='lat' dir='ltr'>aestate</span> <span class='ocrx_word' id='word_1_326' title='bbox 1540 2749 1657 2793; x_wconf 89' lang='lat' dir='ltr'>mihi</span> <span class='ocrx_word' id='word_1_327' title='bbox 1697 2750 1886 2793; x_wconf 87' lang='lat' dir='ltr'>consto’</span> 
     </span>
     <span class='ocr_line' id='line_1_39' title="bbox 206 2813 1894 2875; baseline -0.002 -13"><span class='ocrx_word' id='word_1_328' title='bbox 206 2817 281 2875; x_wconf 84' lang='lat' dir='ltr'>(ef.</span> <span class='ocrx_word' id='word_1_329' title='bbox 324 2831 464 2875; x_wconf 82' lang='lat' dir='ltr'>supra</span> <span class='ocrx_word' id='word_1_330' title='bbox 492 2817 690 2862; x_wconf 82' lang='lat' dir='ltr'>Macarii</span> <span class='ocrx_word' id='word_1_331' title='bbox 715 2816 1034 2875; x_wconf 84' lang='lat' dir='ltr'>proverbium)</span> <span class='ocrx_word' id='word_1_332' title='bbox 1059 2816 1105 2861; x_wconf 91' lang='lat' dir='ltr'>h.</span> <span class='ocrx_word' id='word_1_333' title='bbox 1126 2831 1165 2862; x_wconf 90' lang='lat' dir='ltr'>e.</span> <span class='ocrx_word' id='word_1_334' title='bbox 1194 2815 1313 2862; x_wconf 84' lang='lat' dir='ltr'>‘sive</span> <span class='ocrx_word' id='word_1_335' title='bbox 1346 2813 1514 2859; x_wconf 86' lang='lat' dir='ltr'>studiis</span> <span class='ocrx_word' id='word_1_336' title='bbox 1546 2813 1716 2859; x_wconf 84' lang='lat' dir='ltr'>vestris</span> <span class='ocrx_word' id='word_1_337' title='bbox 1742 2815 1894 2860; x_wconf 79' lang='lat' dir='ltr'>elatus</span> 
     </span>
     <span class='ocr_line' id='line_1_40' title="bbox 209 2882 1197 2940; baseline 0.002 -13"><span class='ocrx_word' id='word_1_338' title='bbox 209 2882 308 2927; x_wconf 83' lang='lat' dir='ltr'>sive</span> <span class='ocrx_word' id='word_1_339' title='bbox 338 2882 522 2928; x_wconf 85' lang='lat' dir='ltr'>iniuriis</span> <span class='ocrx_word' id='word_1_340' title='bbox 554 2885 750 2928; x_wconf 83' lang='lat' dir='ltr'>vexatus</span> <span class='ocrx_word' id='word_1_341' title='bbox 782 2896 930 2939; x_wconf 86' lang='lat' dir='ltr'>aeque</span> <span class='ocrx_word' id='word_1_342' title='bbox 960 2882 1197 2940; x_wconf 82' lang='lat' dir='ltr'>persisto’.</span> 
     </span>
    </p>
   </div>
  </div>
 </body>
</html>
