2038 3140
82 359 138 399 85

81 800 138 841 90

84 1243 139 1282 95

171 140 437 176 noMmucA
837 150 897 157 —
982 123 1045 175 11
1132 151 1193 159 -

170 261 368 306 τοῦτον
410 253 546 305 ἰδὼν
584 251 785 306 κατέδυ
829 254 1218 321 Φυσίγναθος,
1260 254 1380 307 οὔτι
1420 255 1627 322 νοήσας

172 336 354 410 οὕνεχ’
401 340 620 411 ἑταῖρον
660 343 884 410 ἔμελλεν
924 341 1300 411 ἀπολλύμεναι
1338 344 1696 396 καταλείπων.

175 428 180 500 Ι
219 431 288 482 δῦ
329 427 389 482 δὲ
429 430 606 498 βάθος
644 432 865 498 λίμνης,
905 427 995 482 καὶ
1037 429 1268 483 ἀλεύατο
1309 438 1449 501 κῆρα
1489 430 1768 500 μέλαιναν.

170 527 353 581 κεῖνος
393 513 443 569 δ’
481 518 555 580 ὡς
594 517 804 586 ἀφέθη,
845 516 1010 570 πέσεν
1048 518 1241 581 ὕπτιος
1281 518 1454 582 εὐθὺς
1494 519 1549 582 ἐς
1587 519 1754 590 ὕδωρ.
1791 517 1798 589 Ι
1884 532 1926 565 65

175 606 178 677 Ι
215 615 399 676 χεῖρας
440 602 490 658 δ’
530 608 794 675 ἔσφιγγεν
831 604 923 658 καὶ
964 605 1343 675 ἀπολλύμενος
1380 606 1666 678 κατέτριζε.
1704 607 1710 678 Ι

170 695 402 747 πολλάκι
442 690 543 762 μὲν
581 692 882 748 κατέδυνεν
923 695 1230 765 ὑπόβρυχα,
1269 696 1501 749 πολλάκι
1535 692 1586 747 δ’
1624 692 1753 749 αὖτε

171 785 435 848 λακτίζων
475 783 732 837 ἀνέδυνε·
771 786 947 855 μόρον
988 779 1039 836 δ’
1078 783 1180 835 οὐκ
1219 780 1290 851 ἦν
1329 784 1616 848 ὑπαλύξαι.

173 873 492 942 [ὃευόμεναι
532 870 594 926 δὲ
632 875 810 942 τρίχες
847 877 1041 925 πλεῖον
1081 873 1251 943 βάρος
1293 869 1436 941 ἦσαν
1476 871 1558 926 ἐπ’
1599 872 1786 946 αὐτῷ]

170 960 377 1014 ὕστατα
418 959 468 1014 δ’
508 962 811 1031 ὀλλύμενος
848 963 1036 1024 τοίους
1074 960 1382 1031 ἐφθέγξατο
1423 963 1666 1031 μύθους·

247 1049 331 1102 Οὐ
370 1051 554 1118 λήσεις
591 1069 655 1118 γε
692 1051 889 1117 θεούς,
935 1051 1286 1118 Φυσίγναθε,
1326 1058 1497 1104 ταῦτα
1535 1053 1794 1119 ποιήσας,

175 1135 180 1207 Ι
215 1138 466 1205 ναυηγὸν
505 1137 671 1207 ῥίψας
708 1135 840 1206 (μ’)
879 1137 984 1190 ἀπὸ
1025 1138 1275 1207 σώματος
1314 1138 1388 1201 ὡς
1426 1138 1532 1193 ἀπὸ
1572 1138 1788 1208 πέτρης.
1823 1135 1829 1207 Ι

177 1223 181 1295 Ι
220 1225 322 1278 οὐκ
362 1227 430 1278 ἄν
469 1246 578 1294 μου
616 1227 751 1279 κατὰ
790 1235 956 1293 γαῖαν
995 1225 1238 1294 ἀμείνων
1275 1222 1451 1294 ἦσθα,
1491 1228 1727 1294 κάκιστε,

715 1444 915 1477 HOMERI
954 1443 1074 1477 LOGI
1113 1443 1315 1478 SIMILES

172 1531 228 1571 86
262 1525 342 1569 καὶ
374 1525 572 1570 ἀλεύατο
604 1531 726 1582 κῆρα
758 1523 1020 1582 μέλαιναν*
1053 1529 1096 1570 Γ
1115 1531 1202 1572 360

174 1597 230 1637 87
262 1590 404 1636 πέσεν
435 1590 629 1642 ὕπτιος*
665 1593 706 1635 Ο
729 1596 813 1637 647

174 1663 230 1702 90
264 1659 485 1711 λακτίζων
517 1657 627 1701 ποσὶ
658 1658 835 1714 γαῖαν*
867 1673 893 1702 σ
919 1664 973 1703 99

945 1731 1084 1783 κῆρες
1114 1761 1123 1770 .
1144 1759 1153 1770 .
1173 1760 1183 1769 .
1215 1724 1449 1769 θανάτοιο

263 1792 438 1847 μυρίαι,
472 1789 527 1842 ἃς
559 1791 643 1834 οὐκ
675 1788 768 1834 ἔστι
793 1795 960 1847 φυγεῖν
988 1790 1154 1850 βροτὸν
1180 1786 1284 1835 οὐδ’
1312 1790 1580 1844 ὑπαλύξαι*
1612 1793 1672 1834 Μ
1691 1794 1777 1835 326
1797 1805 1864 1846 sq.

174 1862 227 1901 91
264 1858 429 1914 εἵματα
460 1855 548 1914 γάρ
582 1853 625 1914 ῥ’
656 1853 854 1916 ἐβάρυνε
888 1875 909 1902 ε
936 1863 1021 1902 321

174 1928 230 1967 92
265 1919 343 1980 ἐμὲ
377 1921 428 1967 δὲ
463 1921 730 1980 φθέγγοντο
763 1928 1009 1976 καλεῦντες
1036 1927 1043 1981 Ι
1073 1958 1082 1968 .
1103 1960 1112 1970 .
1143 1923 1247 1968 τότε
1280 1921 1326 1981 γ’
1354 1922 1552 1968 ὕστατον
1585 1941 1616 1980 μ
1641 1927 1727 1968 249
1747 1938 1813 1978 sq.

175 1994 234 2033 94
265 1989 553 2047 ὀλοοίτροχος
585 1988 646 2041 ὣς
677 1990 770 2034 ἀπὸ
801 1989 1004 2048 πέτρης*
1037 1993 1082 2034 Ν
1112 1996 1194 2035 137

265 2056 358 2100 ἀπὸ
391 2057 532 2113 δρυὸς
563 2054 667 2101 οὐδ’
696 2057 788 2101 ἀπὸ
821 2055 1021 2115 πέτρης*
1052 2060 1101 2100 Χ
1121 2062 1204 2102 126

741 2261 996 2297 VARIETAS
1035 2260 1307 2295 LEOTIONIS

246 2350 248 2353 ’
296 2349 354 2388 84
371 2343 527 2400 023le
588 2347 644 2388 85
664 2340 1427 2400 ossvex'SbadtmuellerzofovLN
1474 2344 1733 2388 ἀπολλῦναι
1750 2343 1871 2388 κατὰ

178 2412 343 2468 λίμνην
361 2411 416 2466 L,
437 2409 757 2466 ἀπολλύμενον
775 2410 1074 2453 καταλείπειν
1092 2408 1152 2453 V:
1179 2421 1292 2453 corr.
1311 2407 1597 2454 Herwerden
1657 2415 1714 2455 86
1732 2409 1872 2455 eiecit

179 2476 381 2521 Alizhaus
450 2476 649 2520 ἀλεύατο
675 2476 734 2520 V:
768 2473 943 2533 ἔκφυγε
967 2475 1011 2519 L
1103 2479 1158 2519 87
1194 2470 1272 2530 ἐφ’
1299 2473 1372 2519 ῧδ.
1400 2475 1454 2530 V,
1478 2471 1526 2526 ἐς
1549 2475 1703 2534 βυθὸν
1726 2475 1873 2527 εὐθύς

178 2542 490 2587 Waohsmuth
580 2546 637 2586 88
662 2540 804 2586 eiecit
825 2540 1026 2585 Althaus
1090 2537 1279 2598 ἔσφιγγε
1297 2541 1341 2585 L
1394 2540 1476 2586 καὶ
1499 2546 1656 2599 χεῖρας
1682 2540 1871 2600 ἔσφιγγε

182 2607 264 2652 καὶ
303 2607 552 2664 ὀλλύμενος
590 2604 836 2663 κατέτρυζε
880 2606 926 2652 V
1041 2610 1097 2651 89
1137 2605 1384 2665 ὑπόβρυχα
1415 2607 1753 2652 Shadtmueller
1793 2607 1869 2664 (cf.

181 2691 202 2720 ε
228 2675 355 2730 319):
389 2669 469 2730 ἐφ’
497 2672 636 2722 ὕδατι
667 2672 710 2716 L
728 2673 773 2718 V
889 2677 945 2717 91
985 2671 1094 2718 incl.
1126 2671 1327 2718 Althaus
1386 2677 1603 2718 πλεῖστον
1642 2674 1688 2719 V
1750 2667 1872 2730 ἦσαν

181 2736 260 2785 ἐπ’
298 2740 444 2800 αὐτῷ]
492 2738 639 2797 φέρον
678 2740 744 2795 L,
790 2738 969 2797 ἤγαγον
1015 2739 1140 2800 αὐτῷ
1180 2739 1221 2784 J
1258 2738 1365 2785 fort„
1415 2740 1701 2799 βεβρύθεσαν
1746 2741 1871 2800 αὐτῷ

181 2806 495 2852 Wachsmuth
598 2811 671 2851 ’92
703 2805 880 2850 ὕστατα
908 2804 1100 2862 Lycius,
1130 2804 1272 2850 ὕδασι
1302 2805 1369 2861 L,
1400 2804 1541 2850 ὕδατι
1578 2807 1624 2852 V
1690 2807 1874 2865 μύθους

183 2869 297 2930 ἐφθ.
323 2874 479 2924 τοίους
502 2873 547 2919 L
637 2877 692 2918 93
718 2888 769 2930 γε
793 2872 958 2930 θεοὺς]
988 2872 1152 2923 δολίως
1176 2871 1222 2916 V
1304 2876 1363 2916 94
1386 2873 1618 2932 ναυηγὸν]
1642 2869 1689 2925 ἐς
1705 2875 1872 2932 λίμνην

111 3004 114 3006 q
183 2954 238 2997 με
271 2941 316 2985 L
391 2937 440 2996 μ’
474 2938 675 2984 inseruit
704 2937 927 2984 Draheim
1005 2936 1114 2983 ὥστ’
1142 2937 1236 2982 ἀπὸ
1277 2938 1322 2983 V
