2038 3140
76 142 394 176 FRAGMENTA
432 144 586 176 v-vm
719 155 777 161 ——
864 126 967 178 143
1054 158 1110 164 —

0 269 30 302 V
78 256 215 308 ἔστω
257 256 325 324 δή
365 269 454 307 σοι
495 254 635 324 ἀνὴρ
679 256 873 320 Φοῖνιξ
913 257 945 325 ἢ
988 259 1173 320 Λυδὸς
1213 257 1274 311 ἐν
1313 264 1470 331 οἴκῳ,
1770 280 1819 317 (4)

76 344 225 406 ὅστις
263 342 576 412 ἐπιστήμων
616 346 767 397 ἔσται
806 348 980 399 σίτοιο
1020 344 1135 399 κατ’
1173 343 1318 416 ἦμαρ

73 433 336 494 παντοίας
376 430 526 495 ἰδέας
562 434 800 502 τεύχειν,
842 434 914 497 ὡς
953 434 1022 488 ἂν
1062 437 1132 488 σὺ
1162 437 1401 506 κελεύῃς.

0 562 33 595 Ἰ
78 551 300 617 βολβῶν
338 547 428 601 καὶ
468 554 688 602 καυλῶν
726 553 939 620 χαίρειν
978 551 1116 621 λέγω
1158 553 1486 622 ὀξυβάφοισι
1768 574 1818 610 (5)

71 646 190 699 ταῖς
227 632 275 689 τ’
312 638 503 700 ἄλλαις
540 639 745 708 πάσῃσι
783 642 1066 709 παροψίσι.

0 769 34 802 [1
79 752 243 824 ῥυσαὶ
281 754 443 826 <καὶ>
483 757 778 825 δρυπεπεῖς
815 759 1281 826 παρακείσθωσάν
1321 773 1409 812 σοι
1449 759 1638 813 ἐλαῖαι.
1768 779 1818 815 (6)

0 886 31 921 [Ι
75 874 304 941 ἔγχελυν
343 875 480 927 αἰνῶ
520 871 621 942 μὲν
659 882 865 941 πᾶσαν,
905 877 1047 928 πολὺ
1087 872 1138 927 δ’
1175 874 1287 928 ἐστὶ
1326 879 1582 945 κρατίστη
1753 896 1824 934 (ιε)

61 957 286 1029 Ῥηγίου
326 962 620 1033 ἀντιπέρας
657 967 894 1034 πορθμῷ
935 967 1215 1032 ληφθεῖσα
1252 965 1552 1033 θαλάσσης.

757 1099 1071 1133 TESTIMONIA

180 1165 228 1212 V
283 1166 457 1230 Pergit
494 1168 784 1219 Athenaeus
822 1169 898 1216 III
939 1167 1109 1215 112b:
1147 1161 1280 1215 ταῦτ’
1315 1164 1466 1215 εἰπὼν
1506 1164 1531 1215 ὅ
1571 1164 1750 1231 τένθης

62 1240 128 1294 'A.
169 1243 252 1294 καὶ
290 1245 374 1296 τὸν
412 1255 509 1296 τῶν
549 1246 710 1313 ἄρτων
751 1248 962 1313 ποιητὴν
1002 1246 1125 1312 ἔχειν
1173 1247 1497 1312 συμβουλεύει
1541 1248 1750 1297 Φοίνικα

66 1322 99 1390 ἢ
122 1325 324 1376 Λυδόν·
364 1325 531 1393 ἠγνόει
562 1329 654 1395 γὰρ
686 1330 801 1391 τοὺς
833 1328 929 1379 ἀπὸ
962 1336 1046 1394 τῆς
1070 1329 1428 1387 Καππαδοκίας
1456 1326 1749 1393 ἀρτοποιοὺς

66 1405 295 1472 ἀρίστους
336 1406 493 1468 ὄντας.
570 1409 695 1478 λέγει
735 1407 778 1460 δ’
817 1411 971 1470 οὕτως
1010 1409 1187 1458 «ἔστω
1221 1436 1289 1443 —
1323 1409 1613 1477 κελεύῃς».

177 1490 250 1538 VI
294 1491 490 1539 Ath.11
525 1494 615 1541 64:
650 1488 988 1558 Ἀρχέστρατος
1020 1491 1286 1555 «βολβῶν
1313 1517 1380 1524 -
1406 1490 1749 1554 παροψίσι».

0 1618 5 1624 .
176 1569 275 1618 VH
335 1572 453 1622 Ath.
484 1572 539 1621 II
572 1575 699 1622 560:
748 1568 816 1622 ’A.
859 1571 911 1622 ἒν
950 1579 1006 1640 τῇ
1047 1570 1386 1641 Γαστρονομίᾳ
1431 1569 1641 1636 «ῥυσαὶ
1677 1598 1749 1605 -

0 1656 6 1697 ,Γ
65 1640 304 1692 ἐλαῖαι».

178 1725 303 1774 VIII
348 1726 467 1776 Ath.
493 1727 594 1776 VII
619 1730 785 1778 298e:
823 1725 907 1776 καὶ
935 1724 1046 1791 περὶ
1077 1733 1163 1791 τῆς
1187 1723 1409 1792 ἐγχέλυος
1434 1720 1479 1774 δ’
1502 1720 1568 1775 Ἀ.
1595 1724 1751 1785 οὕτως

64 1804 261 1871 ἱστορεῖ·
295 1805 574 1874 «ἔγχελυν
603 1836 665 1843 —
699 1808 922 1873 ἰχθύς».
971 1807 1199 1857 Eustath.
1224 1825 1269 1869 p.
1300 1808 1456 1870 1240,
1483 1807 1573 1855 25:
1613 1804 1749 1854 ἐπαι-

66 1893 271 1937 νοῦνται
312 1886 366 1937 δέ
404 1903 527 1953 φησι
567 1883 698 1957 (scil.
732 1884 1026 1956 Ἀθήναιος)
1074 1886 1156 1937 καὶ
1195 1887 1247 1937 οἱ
1278 1886 1644 1952 Στρυμόνιαι
1683 1885 1749 1946 ὡς

63 1966 146 2017 καὶ
177 1968 427 2035 μεγάλαι
456 1968 554 2019 καὶ
583 1969 644 2020 τὸ
675 1970 859 2036 πάχος
882 1969 1240 2034 θαυμασταί.
1279 1969 1747 2032 Eustath.p.1240‚

66 2051 158 2099 29:
210 2047 372 2110 ἐκθεὶς
410 2047 463 2100 δὲ
502 2048 529 2100 ὁ
562 2046 836 2116 Ἀθήναιος
882 2049 964 2100 καὶ
1006 2049 1078 2100 ὅτι
1114 2048 1263 2099 πολὺ
1302 2049 1580 2115 κρατίστη
1620 2047 1748 2098 ἐστὶν

31 2170 34 2173 .
62 2127 94 2195 ἡ
127 2128 181 2180 ἐκ
210 2137 298 2181 τοῦ
329 2130 452 2180 κατὰ
473 2132 706 2182 Σικελίαν
728 2128 924 2198 Ῥηγίου
949 2129 1074 2198 λέγει
1096 2128 1178 2179 καὶ
1202 2129 1273 2179 ὅτι
1405 2128 1747 2194 βασιλεύειν

61 2218 174 2261 τῶν
205 2209 335 2276 περὶ
367 2211 538 2260 δαῖτα
574 2210 671 2261 καὶ
701 2207 1092 2278 ἡγεμονεύειν
1122 2206 1310 2278 ἡδονῇ
1342 2207 1439 2273 ἔφη
1471 2226 1541 2268 τις
1572 2208 1745 2273 αὐτήν,

60 2288 93 2356 ἣ
149 2292 330 2356 φύσει
383 2290 507 2342 ἐστί
556 2307 712 2357 φησιν
764 2291 1074 2356 ἀπύρηνος
1120 2290 1299 2355 μόνος
1354 2289 1542 2355 ἰχθύς.
1619 2288 1746 2339 ἔνθα

63 2371 154 2438 ὅρα
193 2371 265 2422 ὅτι
302 2380 503 2439 πυρῆνα
541 2372 726 2432 ἐκεῖνος
765 2371 862 2437 ἔφη
902 2371 1102 2432 ἀστείως
1140 2370 1230 2436 τὴν
1269 2367 1459 2435 ὀστώδη
1500 2369 1746 2437 ἰχθυηρὰν

62 2451 308 2505 ἄκανθαν.

622 2541 875 2579 VARm'rAs
912 2540 1182 2577 an‘moms

179 2605 223 2650 V
256 2610 280 2648 1
313 2602 360 2649 δ’
387 2602 417 2660 ἢ
450 2603 669 2649 distinxit
699 2601 912 2648 Ribbeck
943 2601 1117 2647 collato
1147 2600 1251 2645 LXI
1281 2605 1308 2644 2
1403 2605 1430 2644 2
1463 2597 1591 2644 ἔσται
1622 2612 1694 2643 σοι
1718 2596 1743 2642 ὀ

62 2667 169 2716 κατ’
195 2665 320 2729 ἦμαρ
351 2670 412 2726 A,
444 2685 558 2716 corr.
589 2670 767 2715 Porson
872 2674 899 2713 3
930 2668 1107 2726 τεύχων
1137 2668 1196 2723 A,
1229 2679 1345 2712 corr.
1369 2664 1582 2711 Ribbeck

34 2739 42 2742 ”
180 2737 244 2782 VI
275 2743 302 2782 2
332 2743 526 2796 πικρῇσι
557 2734 894 2782 Stadtmueller
922 2748 1008 2792 pro
1039 2732 1215 2792 πάσῃσι

180 2803 267 2848 VII
302 2802 383 2848 καὶ
414 2803 522 2849 add.
553 2803 770 2847 Musurus

58 2925 110 2971 Μ
141 2869 267 2972 VII?
299 2874 323 2913 l
356 2867 410 2915 δέ
441 2866 539 2915 ἐστι
567 2870 614 2914 A
734 2873 760 2913 2
794 2866 1052 2925 ἀντιπέραν
1085 2866 1126 2912 O
1201 2867 1421 2923 πορθμοῦ
1453 2865 1514 2920 A,
1545 2863 1744 2910 correxit

110 2940 215 2973 eme
250 2941 276 2973 e
