2038 3140
879 135 941 142 —-
1026 104 1129 157 192
1212 135 1272 141 -
1408 124 1692 158 ARcHEsTR.
1725 125 1913 156 HEDYP.

236 237 386 290 ‘inter
425 242 693 290 bibendum
733 242 832 289 fers
873 256 1072 289 carnem
1112 255 1276 288 assam
1314 236 1605 303 unicuique'
1646 241 1914 289 secundum

233 339 291 371 ea
330 326 610 384 praecepta,
651 337 775 383 quae
815 322 875 369 fr.
909 320 1050 368 LXII
1085 322 1113 368 6
1152 323 1203 368 et
1238 323 1305 369 10
1324 336 1427 383 sqq.
1467 325 1617 383 poeta
1655 322 1913 384 expromit.

236 398 303 452 V.
347 399 382 450 9
425 403 588 465 recepi
622 402 881 451 Ribbeckii
920 401 1254 450 coniecturam
1292 400 1790 465 γαλεοψοποιούντων
1827 418 1917 450 no-

232 485 414 532 tissimi
462 500 650 532 memor
690 483 954 532 Goethiani
1002 482 1135 530 illius
1175 482 1405 530 carminis
1445 483 1582 530 cuius
1620 483 1800 531 titulus
1840 484 1916 530 est

235 559 683 625 eKatzenpastete':
726 559 997 611 ‘Pastetete
1035 563 1135 612 viel
1165 562 1348 609 Wiirze
1388 563 1511 610 dran
1547 564 1649 611 und
1689 565 1813 612 setzt
1844 563 1916 612 sie

232 660 322 692 vor
349 645 444 692 den
468 645 674 692 Leuten.
728 643 869 692 Doch
893 643 1102 690 manche
1129 642 1279 691 Gaste
1305 644 1392 690 das
1416 643 1661 707 verdross‚
1696 643 1916 692 Gewisse

232 727 361 774 feine
401 726 590 774 Nasen:
631 725 723 773 Die
763 723 935 787 Katze,
974 724 1054 772 die
1094 723 1182 772 der
1213 724 1368 785 Jager
1407 725 1589 787 schoss,
1630 725 1799 772 Macht
1835 724 1915 772 nie

232 807 320 855 der
358 807 497 855 Koch
536 824 644 854 zum
683 801 895 854 Hasen'.

348 886 519 934 LVIII
574 881 641 936 V.
674 881 725 936 1.
765 886 1089 935 Ribbeckius:
1133 881 1370 933 “σιτευτοῦ
1403 885 1568 947 vulgo,
1602 884 1689 932 sed
1718 885 1917 932 videtur

234 983 334 1015 non
357 970 463 1015 tam
487 967 730 1016 interesse
765 971 822 1015 ut
845 982 1024 1030 parens
1057 966 1299 1029 animalis,
1332 965 1471 1014 cuius
1504 980 1650 1013 carne
1682 965 1920 1014 delectari

237 1049 494 1110 volumus,
544 1049 609 1095 sit
658 1049 937 1111 saginatus,
986 1062 1135 1110 quam
1180 1048 1345 1108 ipsum
1394 1045 1523 1107 quod
1569 1046 1702 1094 esuri
1749 1060 1919 1093 sumus

236 1122 480 1194 (σιτευτὰς
520 1122 730 1190 ὄρνιθας
777 1129 941 1175 Matro
981 1127 1041 1174 fr.
1081 1126 1159 1173 III
1206 1123 1296 1190 2)’.
1379 1127 1520 1174 Idem
1567 1127 1756 1188 expulit
1799 1143 1843 1175 v.
1888 1129 1914 1173 1

233 1205 377 1270 ὁμοῦ,
410 1207 541 1269 quod
571 1210 745 1269 procul
778 1209 926 1257 dubio
959 1223 1019 1255 ex
1052 1211 1287 1269 sequente
1318 1223 1466 1256 versu
1497 1208 1593 1255 huc
1621 1207 1917 1255 aberrasset.

234 1290 343 1350 Ego
387 1289 560 1351 scripsi
600 1285 754 1352 ὁμῶς,
796 1290 929 1352 quod
967 1288 1260 1339 adverbium
1299 1305 1344 1337 v.
1379 1304 1447 1350 sq.
1487 1288 1714 1349 pluribus
1753 1288 1918 1337 verbis

232 1370 534 1432 explicatur·
559 1365 708 1418 ὀπτὸν
755 1367 920 1428 ἁπλῶς
957 1366 1039 1417 καὶ
1085 1366 1240 1417 τόνδε.
1318 1368 1460 1426 Quod
1506 1371 1674 1416 autem
1719 1368 1922 1417 ineunte

235 1468 279 1499 v.
318 1453 343 1498 1
388 1450 577 1512 legitur
617 1446 706 1512 ὡς,
752 1451 877 1498 nihil
915 1450 1115 1499 videtur
1151 1450 1249 1498 nisi
1294 1451 1576 1498 correctura
1620 1449 1754 1499 vocis
1795 1445 1920 1512 ὁμοῦ

232 1532 353 1579 illuc
405 1545 571 1578 errore
615 1531 804 1594 delata,
850 1532 1147 1593 praesertim
1186 1547 1298 1579 cum
1337 1529 1615 1578 coniunctio
1653 1527 1735 1578 καὶ
1765 1531 1919 1578 usita-

236 1603 432 1662 tissirm
489 1612 555 1660 sit
604 1611 930 1660 Archestrato
987 1611 1273 1660 ineuntibus
1319 1610 1548 1660 versibus
1605 1611 1667 1659 ad
1722 1610 1921 1673 singula

235 1696 503 1756 praecepta
535 1693 843 1741 adnectenda
874 1685 958 1758 (fr.
983 1692 1106 1741 XIII
1137 1691 1328 1740 XXVII
1357 1690 1571 1739 XXXIII
1596 1690 1833 1740 XXXVII
1850 1705 1919 1753 sq.

237 1774 497 1822 XXXXVI
543 1773 853 1821 XXXXVIII
879 1767 989 1839 sq.).
1073 1774 1175 1822 Nec
1223 1773 1396 1820 dubito
1446 1773 1566 1834 quin
1610 1773 1702 1820 hoc
1749 1771 1918 1820 ordine

234 1857 294 1906 fr.
333 1855 475 1903 LVII
522 1857 574 1903 et
612 1853 781 1902 LVIII
827 1857 961 1902 recte
1009 1870 1062 1902 se
1109 1855 1375 1916 excipiant,
1422 1869 1534 1901 cum
1578 1853 1732 1902 verba
1770 1848 1919 1901 ὀπτὸν

237 1933 403 1994 ἁπλῶς
456 1932 539 1983 καὶ
593 1933 734 1983 τόνδε
789 1935 1059 1998 fragmenti
1104 1934 1276 1982 LVIII
1332 1933 1600 1996 respiciant
1652 1934 1713 1982 ad
1766 1933 1922 1983 verba

235 2012 385 2064 ὀπτὸν
426 2017 477 2063 et
516 2011 681 2073 ἁπλῶς
719 2031 764 2063 v.
799 2016 829 2063 3
872 2018 923 2064 et
963 2017 996 2063 4
1035 2016 1304 2079 fragmenti
1343 2014 1496 2062 LVII.

347 2095 461 2143 LIX
536 2089 604 2144 V.
658 2089 710 2143 l.
766 2096 884 2144 Ath.
923 2096 974 2144 II
1015 2096 1147 2145 38d:
1209 2093 1291 2143 καὶ
1335 2092 1545 2158 θέσμιον
1593 2092 1734 2143 ἔθετο
1783 2088 1917 2161 (scil.

238 2176 534 2238 Amphictys
574 2176 958 2225 Atheniensium
989 2172 1098 2242 rex)
1137 2173 1507 2241 προσφέρεσθαι
1545 2173 1662 2238 μετὰ
1699 2173 1758 2223 τὰ
1797 2174 1920 2223 σιτία

235 2254 448 2323 ἄκρατον
487 2254 643 2319 μόνον
683 2254 801 2306 ὅσον
848 2255 1148 2322 γεύσασθαι,
1196 2256 1370 2322 δεῖγμα
1414 2262 1500 2319 τῆς
1539 2255 1796 2319 δυνάμεως
1831 2261 1919 2305 τοῦ

235 2335 435 2402 ἀγαθοῦ
467 2339 612 2398 θεοῦ,
650 2332 702 2383 τὸ
736 2331 789 2383 δὲ
819 2334 993 2384 λοιπὸν
1024 2333 1122 2399 ἤδη
1153 2333 1469 2402 κεκραμένον,
1507 2331 1690 2386 ὁπόσον
1722 2333 1920 2395 ἕκαστος

240 2416 489 2481 βούλεται·
551 2414 917 2481 προσεπίλεγειν
965 2413 1017 2465 δὲ
1054 2416 1208 2486 τούτῳ
1247 2416 1299 2466 τὸ
1337 2423 1426 2468 τοῦ
1466 2415 1610 2476 Διὸς
1656 2422 1919 2480 σωτῆρος

235 2493 397 2560 ὄνομα
437 2495 640 2559 διδαχῆς
677 2493 761 2544 καὶ
798 2495 993 2561 μνήμης
1032 2493 1175 2546 ἕνεκα
1219 2504 1317 2547 τῶν
1362 2495 1632 2560 πινόντων,
1679 2494 1751 2545 ὅτι
1789 2494 1917 2545 οὕτω

236 2577 462 2635 πίνοντες
486 2573 718 2638 ἀσφαλῶς
743 2576 1070 2641 σωθήσονται.
1129 2573 1198 2627 V.
1228 2573 1324 2629 12.
1357 2577 1669 2627 Archestrati
1684 2579 1917 2639 aequales

237 2657 373 2705 haud
411 2656 560 2705 dubie
597 2672 697 2706 non
727 2658 969 2723 fugiebat,
1007 2675 1155 2722 quem
1185 2660 1501 2722 potissimum
1530 2658 1634 2708 vini
1664 2657 1918 2707 Phoenicii

237 2738 551 2786 laudatorem
589 2740 739 2800 poeta
777 2739 853 2787 his
892 2740 1120 2788 versibus
1161 2742 1399 2802 carperet.
1460 2738 1731 2787 Ribbeekio
1765 2733 1916 2804 (Mus.

239 2818 330 2867 Rh.
389 2819 527 2867 1857
590 2834 637 2880 p.
695 2812 833 2886 211)
904 2822 1109 2883 propter
1169 2820 1386 2870 doricam
1446 2819 1658 2868 formam
1719 2817 1916 2878 ἅδιστος

239 2898 543 2947 Philoxenus
565 2897 835 2962 Cytherius
861 2901 1113 2963 designari
1134 2901 1347 2964 videtur,
1371 2915 1521 2963 quam
1543 2900 1595 2947 in
1619 2900 1917 2949 sententiam
