2038 3140
852 172 914 178 -—
998 141 1103 194 100
1185 171 1246 177 —
1561 160 1899 195 mcnR'ronvM

854 291 1253 326 COMMENTARIVS

327 366 629 427 Adloquitur
676 366 727 412 in
768 366 983 414 carmine
1022 365 1254 427 parodico
1293 365 1456 413 nescio
1498 366 1607 428 quis
1654 366 1901 414 medicum

212 447 501 508 imperitum
534 443 735 510 ἄτεχνον
761 445 942 509 ἰατρόν,
974 448 1031 493 ut
1064 446 1134 493 ait
1166 445 1463 494 Eustathius
1494 446 1525 494 1.
1553 461 1589 494 s.
1643 446 1700 493 In
1727 446 1900 494 eodem

216 544 366 576 versu
397 530 446 575 A
473 530 519 590 3,
558 530 617 575 ut
649 530 816 576 monet
841 526 1270 588 Stadtmuellerus,
1308 526 1611 575 facetissime
1642 527 1772 575 ludit
1802 543 1902 575 me-

213 609 352 657 dicus
392 609 444 655 in
484 625 557 670 ep.
598 608 750 656 Anth.
790 609 843 657 P.
884 608 955 655 XI
995 609 1116 656 401.

989 794 1124 846 VIII

346 898 712 966 Anonymus
753 897 1030 966 parodus
1071 896 1301 949 Dionis
1343 895 1781 965 Chrysostomi

911 986 1201 1054 aequalis

328 1087 437 1135 Duo
456 1088 740 1148 fragmenta
763 1085 995 1147 parodica
1014 1100 1043 1131 a
1059 1085 1217 1133 Dione
1237 1084 1590 1147 Chrysostomo
1607 1085 1660 1132 in
1677 1082 1900 1133 oratione

215 1167 553 1216 Alexandrina
593 1159 833 1232 (XXXII)
880 1165 1079 1226 prolata
1124 1165 1224 1213 iam
1263 1167 1316 1213 in
1353 1167 1581 1228 princeps
1621 1166 1753 1227 quod
1791 1181 1902 1214 con-

218 1249 376 1311 gessit
407 1247 727 1310 parodiarum
757 1245 1121 1294 homericarum
1145 1262 1322 1308 corpus
1347 1247 1591 1295 Henricus
1618 1246 1902 1309 Stephanus

212 1330 400 1391 recepit
457 1323 699 1395 (Ὁμήρου
749 1325 831 1375 καὶ
869 1322 1104 1376 ‘H6a660v
1152 1324 1289 1392 ἀγὼν
1335 1325 1429 1375 κτὲ.
1472 1321 1637 1387 1573)
1695 1327 1783 1376 sed
1826 1328 1900 1376 ita

218 1413 278 1458 ut
309 1411 371 1459 ab
405 1410 725 1458 emendandis
756 1409 856 1457 illis
888 1423 1089 1456 manum
1116 1408 1402 1457 abstineret.
1449 1409 1571 1457 Inde
1597 1409 1682 1456 diu
1703 1409 1902 1457 iacuere

211 1493 463 1554 neglecta,
519 1491 682 1553 quoad
739 1506 768 1538 a
815 1489 987 1538 Curtio
1038 1489 1416 1538 Wachsmuthio
1471 1490 1522 1538 in
1569 1491 1695 1538 Mus.
1742 1491 1898 1538 Rhen.

215 1573 313 1622 vol.
339 1571 509 1619 XVIII
541 1589 584 1633 p.
615 1573 717 1620 625
739 1587 842 1632 sqq.
867 1571 1027 1618 denuo
1058 1569 1111 1616 in
1141 1570 1302 1619 lucem
1326 1573 1581 1632 protracta
1611 1587 1712 1618 non
1734 1572 1898 1619 minus

214 1654 557 1701 emendatione
591 1653 855 1701 verborum
889 1667 1038 1714 quam
1070 1652 1397 1714 explicatione
1422 1668 1588 1699 rerum
1611 1652 1664 1700 in
1687 1653 1898 1701 formam

215 1734 614 1796 sententiamque
672 1734 917 1782 veriorem
978 1733 1350 1781 vindicarentur
1413 1732 1707 1794 subscriptis
1768 1733 1900 1781 infra

214 1814 421 1863 Homeri
460 1815 687 1863 versibus
727 1829 757 1861 a
795 1814 981 1876 paredo
1022 1813 1246 1861 detortis.

323 1895 399 1942 De
438 1895 618 1956 prioris
658 1894 927 1957 fragmenti
965 1895 1114 1956 poeta
1154 1893 1564 1942 Wachsmuthius
1606 1893 1775 1942 docuit
1812 1895 1900 1942 du-

213 1975 393 2037 plicem
417 1976 711 2024 memoriam
733 1976 830 2037 ipsi
853 1975 1003 2023 Dioni
1026 1974 1216 2036 deberi3
1241 1976 1410 2022 orator
1433 1975 1564 2022 enim
1589 1974 1716 2022 sicut
1734 1975 1898 2024 verbis

215 2057 396 2118 quibus
446 2056 572 2104 illud
617 2057 809 2105 inducit
856 2049 951 2123 (τὶς
996 2061 1093 2103 τῶν
1141 2060 1342 2119 σαπρῶν
1388 2053 1610 2103 τούτων
1655 2050 1898 2123 ποιητῶν)

214 2136 460 2199 paredum
500 2137 749 2201 significat
788 2137 883 2185 sibi
919 2137 1017 2199 ipsi
1055 2152 1163 2185 esse
1203 2136 1476 2198 aequalem,
1514 2137 1588 2185 ita
1618 2138 1784 2187 verbis
1817 2154 1901 2187 ex·

215 2218 390 2267 tremis
424 2211 583 2285 (ὅπως
614 2216 680 2282 μὴ
706 2217 850 2282 μόνοι
875 2218 1048 2282 δοκῆτε
1073 2210 1199 2266 εἶναι
1222 2211 1423 2282 γελοῖοι)
1457 2216 1601 2265 illum
1623 2234 1722 2268 non
1744 2218 1900 2268 fuisse

213 2300 469 2347 hominem
521 2298 914 2346 Alexandrinum
975 2301 1146 2360 aperte
1207 2300 1440 2346 testatur.
1538 2298 1901 2348 Describuntur

214 2380 450 2439 ludorum
489 2379 782 2427 circensium
815 2379 900 2441 qui
939 2394 1179 2440 equorum
1214 2378 1472 2428 curriculis
1503 2378 1692 2428 fiebant
1721 2380 1898 2429 turbae

215 2460 365 2521 atque
404 2459 674 2519 tumultuS,
722 2459 861 2507 cuius
901 2459 1247 2522 descriptionis
1286 2460 1362 2509 vis
1409 2458 1644 2521 parodica
1684 2460 1896 2510 maxime

215 2540 398 2588 nititur
430 2539 840 2588 similitudinibus
872 2540 1133 2590 homericis
1167 2541 1304 2589 nullo
1329 2541 1433 2589 fere
1455 2540 1610 2589 verbo
1633 2541 1896 2590 immutato

215 2619 466 2682 petulanti
504 2634 616 2667 cum
653 2618 992 2669 ludificatione
1031 2619 1095 2667 ad
1132 2621 1457 2670 certaminum
1494 2621 1786 2670 circensium
1818 2637 1895 2670 ar·

216 2703 454 2764 gumenta
478 2700 696 2749 deflexis,
750 2698 892 2757 Quod
917 2700 1255 2762 fragmentum
1286 2715 1587 2764 quamquam
1609 2716 1709 2750 non
1730 2702 1896 2751 minus

216 2781 426 2844 triginta
464 2796 549 2830 sex
585 2780 815 2831 versibus
847 2781 1142 2844 continetur,
1179 2785 1362 2844 tamen,
1402 2782 1460 2828 ut
1489 2783 1659 2829 monet
1687 2781 1895 2831 Wachs-

218 2861 464 2923 muthius,
520 2861 701 2924 exigua
744 2861 1089 2910 tantummodo
1135 2876 1251 2923 pars
1299 2863 1375 2911 est
1422 2859 1652 2908 carminis
1698 2860 1896 2926 integri,

217 2956 329 2989 cum
359 2941 481 2990 haec
510 2941 663 2991 verba
688 2941 782 2991 Dio
815 2941 1046 2991 subiciat:
1086 2946 1236 2990 ταῦτα
1266 2937 1355 3004 μὲν
1386 2938 1503 3004 ὑμῖν
1534 2937 1632 2988 ἀπὸ
1663 2944 1896 2992 πολλῶν
