2038 3140
98 171 415 206 FRAGMENTA
745 181 804 187 —
890 150 994 203 193
1076 181 1138 186 ——

96 292 280 338 novato
328 303 522 350 quoque
562 288 802 336 vocabulo
850 284 1440 350 ἀλαζονοχαυνοφλύαρος
1480 287 1784 346 deducimur,

97 371 232 433 quod
270 369 494 430 apprime
536 370 750 430 quadrat
797 368 860 416 ad
897 370 1097 429 poetam
1137 368 1557 428 dithyrambicum
1604 368 1656 415 in
1695 368 1784 415 illo

97 453 206 514 ipso
234 450 463 510 carmine,
489 450 620 512 quod
646 450 843 510 saepius
868 448 1223 497 Archestratus
1248 449 1490 512 imitatur,
1515 449 1786 498 verborum

99 531 518 594 sesquipedalium
558 530 945 578 tumidissimum
986 529 1223 590 opificem.

213 611 355 659 LXII
408 606 476 660 V.
512 605 547 659 3
589 611 856 658 admodum
888 612 1094 673 languet
1128 615 1497 673 unguentorum
1529 612 1790 674 epitheton

99 691 294 758 ἀγαθός
341 693 392 740 in
438 693 612 753 ecloga
659 692 945 754 ceteroquin
992 692 1197 739 elatiore
1239 692 1355 740 stilo
1394 692 1593 753 insigni.
1669 693 1783 754 Ipse

102 775 408 824 conieceram
441 772 646 831 ξανθοῖς
670 773 911 821 Anaxilae
936 788 1126 821 memor
1150 773 1419 834 fragmenti
1443 789 1518 834 ap.
1544 773 1662 821 Ath.
1687 773 1786 821 XII

101 858 247 906 5480
289 850 363 920 (II
405 856 508 902 268
550 848 711 919 Kook)
761 853 969 912 ξανθοῖς
1015 870 1062 901 τε
1109 851 1283 917 μύροις
1328 861 1484 919 χρῶτα
1531 854 1790 902 λιπαίνων.

102 938 249 986 Nunc
274 935 660 984 Stadtmuellero
693 935 959 1000 obsecutus
986 950 1096 982 sum
1121 932 1324 998 ἀγανοῖς
1349 936 1586 983 scribenti
1609 935 1790 984 collato

100 1017 346 1079 imprimis
380 1017 549 1079 hymn.
581 1015 633 1062 in
666 1014 773 1064 Cer.
799 1017 920 1076 426,
951 1015 1041 1064 ubi
1071 1015 1246 1080 κρόκος
1278 1017 1559 1078 appellatur
1590 1013 1789 1082 ἀγαυός.

103 1094 172 1149 V.
218 1092 291 1146 16
341 1113 516 1146 sanum
554 1113 652 1144 non
692 1099 768 1144 est
807 1095 957 1159 αἴνει,
1010 1113 1127 1145 nam
1175 1100 1263 1145 aut
1304 1096 1427 1145 αἰνῶ
1475 1098 1595 1146 dicit
1640 1101 1790 1160 poeta

101 1173 256 1247 (VIII
298 1181 341 1238 1,
381 1177 497 1225 LIX
530 1178 585 1239 53
626 1177 683 1225 cf.
720 1177 808 1224 LX
847 1172 904 1242 4)
946 1179 1034 1226 aut
1072 1173 1230 1240 ὠνοῦ,
1272 1174 1483 1241 ὀψώνει,
1522 1175 1640 1242 λαβέ
1687 1179 1787 1227 alia

104 1262 282 1323 Itaque
315 1259 491 1322 scripsi
523 1256 664 1321 αἰνῶ,
694 1258 793 1306 nisi
823 1258 952 1306 forte
978 1257 1103 1323 αἴρει
1135 1259 1274 1307 dedit
1296 1261 1447 1321 poeta
1470 1260 1603 1322 quod
1636 1260 1788 1308 etiam

103 1342 310 1404 propius
351 1341 412 1387 ad
451 1340 664 1387 traditas
704 1339 902 1387 litteras
942 1340 1143 1388 accedit.
1198 1341 1293 1387 ,De
1341 1356 1513 1388 eorum
1551 1357 1678 1403 quae
1719 1356 1793 1389 se·

103 1427 284 1472 cuntur
326 1421 575 1469 sententia
613 1420 835 1467 dubitari
872 1420 1070 1482 nequit:
1121 1416 1190 1468 esi
1230 1422 1326 1470 alio
1366 1422 1474 1470 loco
1511 1422 1687 1484 procul
1727 1423 1790 1471 ab

108 1503 321 1551 Athenis
362 1502 694 1550 commoratus
724 1501 1006 1562 placentam
1036 1501 1249 1550 Athenis
1280 1503 1466 1550 factam
1505 1518 1795 1565 comparare

104 1601 207 1633 non
244 1583 454 1645 poteris,
492 1583 593 1630 mel
630 1582 857 1630 Atticum
896 1583 1077 1632 saltem
1115 1584 1193 1632 fac
1231 1585 1482 1646 acquiras:
1528 1584 1621 1632 hoc
1660 1584 1794 1632 enim

106 1669 187 1714 est
226 1665 358 1727 quod
396 1664 536 1712 illam
577 1663 843 1725 superbam
881 1659 1081 1714 reddit'.
1156 1664 1324 1728 Atque
1363 1666 1456 1714 hoc
1493 1667 1627 1714 recte
1667 1665 1794 1714 vidit

108 1746 427 1809 Ribbeckius,
467 1745 726 1792 delendam
767 1759 876 1793 esse
915 1744 1363 1807 interpunctionem
1400 1749 1516 1809 post
1554 1745 1599 1795 εἰ
1635 1743 1688 1795 δὲ
1726 1743 1794 1810 μὴ

109 1832 167 1878 ut
211 1843 313 1876 una
360 1827 594 1876 evaderet
640 1826 914 1875 enuntiatio
963 1827 1338 1890 condicionalis,
1393 1829 1480 1876 sed
1534 1828 1796 1891 quaeritur

109 1926 174 1958 an
212 1907 264 1958 εἰ
302 1905 354 1956 δὲ
393 1905 458 1970 μὴ
501 1903 571 1955 ἄν
610 1907 810 1955 defendi
847 1908 1008 1969 possit
1043 1909 1282 1970 exemplis
1314 1909 1576 1958 homericis
1608 1910 1672 1957 ab
1703 1909 1793 1957 illo

109 1990 320 2053 prolatis
359 1991 408 2037 Γ
435 1990 517 2051 25,
558 1989 689 2050 288,
728 1990 776 2036 Ε
810 1990 931 2051 224,
974 1991 1094 2052 232,
1134 1991 1334 2052 2273,
1374 1990 1553 2052 quibus
1593 1989 1714 2039 locis
1754 1989 1799 2040 εἰ

110 2074 163 2120 et
201 2067 264 2120 ἄν
309 2069 571 2132 particulis
617 2065 708 2133 πέρ
754 2069 836 2119 vel
883 2065 936 2117 δέ
983 2070 1299 2118 dirimuntur.
1373 2070 1552 2135 Itaque
1591 2067 1656 2119 ἄν
1693 2087 1794 2120 που

31 2168 34 2170 ·
111 2152 326 2200 fortasse
365 2151 676 2212 corruptum,
722 2150 862 2198 velut
898 2150 1006 2211 ipse
1043 2151 1344 2200 Ribbeckius
1391 2152 1626 2215 proponit
1663 2150 1709 2200 εἰ
1746 2147 1802 2200 δὲ

111 2230 179 2296 μὴ
220 2228 401 2280 αὐτὸν
438 2235 613 2279 τοῦτον
652 2227 776 2298 ἔχῃς.

746 2348 1166 2425 ADDENDA

231 2467 296 2512 IV
315 2472 368 2512 15
393 2466 474 2511 τὸν
499 2465 545 2511 δ’
567 2464 633 2518 εἰς
657 2465 834 2523 ἀγορὴν
859 2465 1210 2524 ὀπτεύμενον
1235 2467 1378 2524 ἄρτον
1394 2467 1798 2515 Waehsmuthius.

231 2532 318 2577 XV
366 2537 393 2578 8
411 2547 478 2588 sq.
534 2533 707 2577 Locum
746 2531 1078 2577 difficillimum
1114 2547 1237 2576 nunc
1275 2533 1488 2578 funditus
1530 2533 1801 2578 emendavit

114 2591 524 2636 Wachsmuthius:
557 2589 756 2636 εἰώθασι
787 2592 945 2636 δονεῖν
976 2591 1170 2649 ψήφους
1200 2593 1376 2636 αἴθωνι
1406 2595 1654 2652 λυγισμῷ
1682 2594 1690 2648 Ι
1717 2591 1803 2650 ἄρ·

114 2655 248 2710 θρων
273 2651 472 2708 μηλείων
496 2647 614 2710 <τ’>
638 2646 714 2695 ἐπ’
735 2649 885 2708 ἄγρην
900 2650 1056 2724 ¹[quod
1078 2650 1270 2695 interim
1294 2650 1438 2695 etiam
1463 2650 1803 2696 Stadtmueller

113 2712 444 2768 proposuerat:
483 2725 526 2754 v.
559 2709 719 2768 supra]
759 2709 853 2764 (vel
891 2711 1028 2767 αγρῃ)
1071 2708 1325 2767 δωρήματα
1355 2708 1554 2769 βάλλειν.
1616 2709 1800 2754 Ludum

114 2769 252 2813 illum
297 2768 436 2812 docet
478 2767 848 2824 intellegendum
897 2781 997 2812 esse
1044 2781 1183 2824 quem
1229 2764 1598 2827 ἐποστρακισμόν
1636 2767 1806 2814 Graeci

114 2827 350 2872 vocabant
374 2827 474 2885 (cfr.
489 2827 715 2871 Bh'imner
737 2825 925 2882 Antiqu.
945 2826 1107 2872 Graec.
1124 2826 1244 2871 Priv.
1266 2841 1311 2883 p.
1329 2828 1449 2884 297),
1472 2841 1558 2872 nos
1581 2840 1804 2872 vocamus

118 2885 409 2942 ‘Schirken’,
451 2885 818 2930 ‘Butterbemme
850 2884 1101 2929 streichen’
1116 2920 1127 2940 ‚
1169 2884 1568 2930 ‘Steinblitzen’
1613 2885 1804 2942 similia,

117 2958 209 3001 quo
239 2944 351 2990 ludo
382 2943 638 3002 piscatores
671 2958 836 3001 capros
869 2956 926 2988 ex
957 2943 1053 2989 alto
1086 2942 1319 2989 elicuisse.
1685 2976 1695 2983 ,

208 3063 388 3104 Cornuto.
410 3065 442 3098 Ι.
1482 3075 1536 3115 13
