2038 3140
126 133 393 168 ΗοΜΕΒΙοΑ
788 145 857 150 -
935 116 969 167 2
976 116 1002 166 ἶ
1083 146 1154 151 -

9 265 94 308 263
128 247 300 300 αὐτοῦ
340 241 390 299 δ’
428 245 640 314 ἑστήκει
678 247 1060 316 γαυρούμενος
1100 246 1304 315 ἀγχόθι
1344 248 1541 315 λίμνης

0 354 96 396 2633.
130 335 358 403 <στεῦτο
400 332 461 387 δὲ
499 336 809 404 πορθήσειν
849 334 1139 404 βατράχων
1178 332 1339 401 γένος
1378 335 1749 404 αίχμητάων.>

10 442 94 483 269
130 424 203 489 [εἰ
239 424 311 492 μὴ
351 419 438 492 ἄρ’
478 422 575 486 ὀξὺ
614 425 783 491 νόησε
820 423 996 492 πατὴρ
1037 421 1261 491 ἀνδρῶν
1299 442 1356 475 τε
1394 428 1547 476 θεῶν
1585 425 1682 490 τε.]
1843 437 1908 469 230

10 529 96 571 270
127 509 217 563 καὶ
257 508 367 562 τότ’
406 510 824 580 ἀπολλυμένους
863 511 1171 579 βατράχους
1211 510 1434 582 ᾤκτειρε
1473 513 1763 581 Κρονίων,

128 601 355 666 κινήσας
396 596 456 651 δὲ
495 600 634 670 κάρη
675 594 887 667 τοιήνδ’
924 597 1232 667 ἐφθέγξατο
1274 602 1494 669 φωνήν·

158 806 245 848 264
278 799 410 854 οὗτος
442 802 713 860 ἀναρπάξαι
745 801 987 861 βατράχων
1020 800 1153 859 γένος
1183 802 1431 858 ἠπείλησεν

158 873 242 913 265
276 869 357 913 καὶ
388 867 530 927 ῥ’ήξας
561 869 755 926 καρύοιο
787 867 932 926 μέσην
965 866 1102 926 ῤ’άχιν
1136 867 1202 919 εἰς
1233 868 1319 912 δύο
1352 870 1516 925 μοίρας

277 935 495 993 φράγδην
528 934 863 992 ἀμφοτέροισιν
897 931 947 979 ἐν
981 935 1121 992 ὤμοις
1153 932 1279 991 εἶλαρ
1315 933 1505 990 ἔθηκεν.

276 999 325 1044 οἷ
353 999 405 1045 δὲ
436 1001 575 1058 τάχος
607 1004 845 1052 δείσαντες
879 999 992 1060 ἔβαν
1024 1000 1197 1052 πάντες
1228 1000 1349 1045 κατὰ
1381 1002 1563 1057 λίμνην.

276 1068 363 1110 καί
387 1067 444 1111 νύ
477 1083 558 1112 κεν
593 1065 900 1124 ἐξετέλεσσεν,
933 1065 1034 1112 ἐπεὶ
1066 1066 1183 1125 μέγα
1216 1065 1265 1111 οἷ
1293 1065 1464 1118 σθένος
1495 1061 1600 1123 ἦεν,

278 1131 323 1177 εἰ
351 1133 411 1190 μὴ
445 1132 522 1191 ἄρ’
551 1134 632 1188 ὀξὺ
664 1133 802 1191 νόησε
835 1134 987 1191 πατὴρ
1021 1135 1208 1190 ἀνδρῶν
1239 1149 1288 1177 τε
1320 1135 1450 1178 θεῶν
1483 1149 1547 1178 τε.

675 1377 874 1410 HOMERI
913 1377 978 1410 LO
985 1377 1035 1410 CI
1075 1375 1274 1409 SIMILES

130 1462 247 1502 263a
281 1458 287 1516 Ι
317 1464 474 1502 στεῦτο
507 1457 594 1514 γὰρ
629 1456 878 1515 εὐχόμενος
910 1454 1158 1514 νικησέμεν
1191 1460 1226 1500 Β
1253 1461 1337 1501 597

281 1530 439 1568 στεῦτο
471 1521 524 1568 δὲ
556 1523 778 1580 διψάων*
809 1527 834 1567 λ
859 1528 944 1569 584

280 1589 547 1634 Λαπιθάων
579 1588 885 1647 αἰχμητάων*
917 1593 976 1634 Μ
999 1594 1083 1634 128

161 1660 246 1700 268
279 1658 367 1700 καί
392 1656 449 1700 νύ
482 1672 563 1700 κεν
597 1652 924 1711 ἐξετέλεσσαν*
956 1659 980 1700 λ
1008 1661 1093 1701 317

279 1720 398 1779 μέγα
428 1722 517 1780 γὰρ
550 1721 720 1773 σθένος
754 1721 914 1782 ἔμβαλ’
945 1721 1115 1779 Ἀθήνη
1152 1725 1191 1766 Φ
1216 1727 1303 1767 304

161 1793 246 1833 269
281 1810 336 1824 =
370 1790 410 1832 Θ
436 1793 519 1833 132

161 1859 248 1900 270
281 1851 383 1899 ἐπεὶ
414 1854 516 1899 οὔτι
551 1858 711 1912 Τρῶας
743 1854 1091 1912 ἀπολλυμένους
1123 1851 1347 1913 ἐλεαίρεις
1378 1859 1429 1898 Η
1450 1860 1504 1899 27

281 1918 524 1977 μυρομένω
557 1918 602 1964 δ’
640 1920 733 1978 ἄρα
763 1921 879 1978 τώγε
913 1919 1027 1965 ἰδὼν
1061 1918 1217 1977 ἐλέησε
1248 1923 1477 1978 Κρονίων,
1512 1924 1654 1965 Ρ441

160 1992 244 2032 271
280 1986 474 2042 κινήσας
505 1985 557 2031 δὲ
591 1986 710 2045 κάρη
743 1987 880 2045 προτὶ
913 1985 966 2032 ὃν
999 1987 1245 2045 μυθήσατο
1277 1987 1437 2045 θυμόν
1470 1990 1509 2031 Ρ
1527 1990 1613 2032 442

689 2243 944 2278 VARmTAS
983 2244 1255 2278 LECTIONIS

241 2331 340 2372 ’263
367 2324 527 2382 ἕστηκε
553 2326 598 2371 L
660 2324 835 2383 ἀγχόθι
858 2326 1020 2382 λίμνης
1051 2324 1407 2370 Stadtmueller:
1441 2325 1563 2370 κατὰ
1587 2326 1752 2382 λίμνην
1777 2323 1821 2368 L

135 2394 235 2451 (cfr.
269 2393 333 2448 V)
463 2396 583 2436 2632.
613 2405 670 2436 ex
701 2392 759 2437 N
781 2391 984 2449 repetivi
1118 2406 1203 2449 pro
1236 2397 1471 2437 260-263
1505 2392 1549 2436 V
1574 2391 1714 2436 haec:

165 2465 254 2506 260
283 2453 343 2515 ἦν
375 2457 428 2503 δέ
459 2474 528 2510 τις
560 2454 611 2503 ἐν
643 2458 752 2515 μυσὶ
785 2459 866 2517 [δὴ
899 2458 1212 2518 μεριδάρπαξᾞ
1247 2457 1404 2516 ἔξοχος
1434 2458 1606 2515 ἄλλων,

286 2525 552 2584 [κρείωνος]
586 2525 720 2581 φίλος
750 2523 850 2576 υίὸς
881 2525 1118 2584 ἀμύμονος
1143 2523 1491 2583 Ἀρτεπιβούλου

285 2587 463 2652 [οἴκαδ’
494 2589 576 2635 ἰὼν
606 2588 827 2648 πολέμοιο
858 2597 1104 2650 μετασχεῖν
1134 2587 1271 2636 παῖδ’
1299 2587 1575 2650 ἐκέλευσεν]

285 2657 426 2710 αὐτὸς
456 2654 502 2702 δ’
531 2655 733 2712 εἴστήκει
762 2658 1080 2717 γαυρούμενος
1111 2659 1172 2710 ὡς
1203 2657 1324 2702 κατὰ
1354 2658 1521 2714 λίμκνην

254 2724 345 2769 Pro
369 2728 489 2768 2639,
512 2724 557 2768 V
574 2723 721 2768 habet
744 2729 978 2770 264-268
1068 2729 1157 2770 264
1179 2724 1453 2780 ἀναρπασαι
1473 2721 1519 2765 V
1536 2720 1826 2779 (ἀναρπάξαι

137 2790 245 2849 alii)
313 2789 563 2847 ἠπείλησεν
595 2789 952 2836 Stadtmueller:
985 2787 1226 2847 ἐπηπείλει
1333 2793 1420 2833 265
1451 2786 1648 2845 καρύοιο
1679 2786 1826 2846 μέσην

138 2856 470 2903 Wachsmuth:
487 2856 667 2915 καρύου
683 2854 856 2914 μέσσην
882 2857 926 2902 V
981 2862 1067 2904 266
1085 2854 1214 2915 εἶλαρ
1231 2854 1586 2900 Stadtmueller:
1604 2858 1763 2912 χεῖρας
1787 2854 1830 2899 V

256 2934 340 2975 271
375 2928 531 2988 κάρηα
561 2930 695 2987 τοίην
731 2929 778 2975 V
830 2928 1012 2988 τοίηνὸ’
1046 2930 1092 2974 L
