2038 3140
146 154 465 189 FRAGMENTA
789 161 852 170 —
937 133 1039 186 179
1117 164 1187 172 ——

111 308 115 312 =
146 288 326 337 genere
380 285 699 319 murenarum
761 270 991 318 universo
1054 270 1255 332 aliquod
1316 274 1636 334 praeceptum
1697 277 1840 321 ante-

146 353 350 402 cessisse
406 354 789 400 consentaneum
843 353 918 398 est
971 350 1102 411 quod
1147 367 1277 400 nunc
1322 352 1644 402 interciderit.
1722 353 1833 402 Huc

142 432 330 495 poteris
375 432 564 479 referre
610 430 880 493 fragmenti
919 429 1064 477 XVII
1110 446 1311 479 versum
1361 435 1416 496 1,
1469 433 1529 482 de
1576 451 1672 497 quo
1718 434 1833 483 vide

146 529 296 575 supra
333 529 379 574 p.
417 514 518 561 132
540 527 610 574 sq.

254 592 400 641 XVII
453 587 523 641 V.
566 587 620 640 3.
670 591 769 640 Ofr.
812 606 965 654 supra
1002 609 1050 654 p.
1086 595 1185 640 121
1230 594 1340 642 adn.
1378 598 1423 644 1.

254 673 427 722 XVIII
490 672 592 721 Cfr.
641 687 794 735 supra
846 690 892 734 p.
946 674 1063 719 131.
1143 673 1215 721 De
1271 690 1569 738 congrorum
1625 676 1831 739 Sicyone

144 758 405 817 captorum
431 754 777 816 magnitudine
802 753 916 801 vide
940 752 1135 800 Eudoxi
1159 756 1502 803 testimonium
1527 757 1658 819 quod
1683 759 1832 806 attuli

142 837 205 884 ad
231 837 375 884 Matr.
402 852 448 883 v.
469 837 535 883 36
557 851 627 896 sq.
668 834 893 882 Philemo
918 850 994 895 ap.
1015 834 1133 882 Ath.
1152 835 1251 883 VII
1278 837 1380 884 289
1396 851 1425 884 a
1451 830 1526 903 (ΙΙ
1544 839 1651 887 500
1667 833 1831 905 Kock)

138 934 185 966 v.
219 918 311 965 22:
350 912 383 978 ἢ
418 911 466 963 ’κ
503 920 589 978 τῆς
627 917 887 972 Σικυῶνος
927 921 1014 978 τῆς
1053 915 1200 978 φίλης
1240 910 1299 964 ὃν
1338 920 1438 974 τοῖς
1475 921 1614 976 θεοῖς
1649 916 1655 982 i
1690 916 1829 983 φέρει

138 996 400 1047 Ποσειδῶν
446 994 658 1061 γόγγρον
706 993 774 1052 εἰς
819 992 905 1043 τὸν
954 994 1182 1059 οὐρανόν.
1268 991 1337 1046 V.
1380 992 1413 1044 2
1469 1002 1611 1047 κοῖλα
1659 1000 1829 1048 eadem

141 1082 259 1127 sunt
298 1094 425 1140 quae
465 1075 795 1141 ὑπογάστρια,
843 1075 928 1123 cfr.
969 1076 1028 1123 fr.
1068 1077 1238 1125 XXIII
1278 1080 1308 1126 2
1349 1076 1653 1144 ὑπογάστρια
1690 1084 1830 1129 κοῖλα

140 1159 381 1208 κάτωθεν.
476 1157 730 1206 Orationis
776 1155 968 1203 hiatum
1018 1157 1151 1205 inter
1189 1175 1233 1206 v.
1277 1160 1306 1205 2
1357 1162 1408 1207 et
1455 1161 1484 1208 3
1536 1162 1828 1226 suspicarer,

138 1241 237 1288 nisi
276 1239 448 1288 eodem
487 1238 593 1286 fere
631 1236 778 1284 modo
812 1239 962 1297 poeta
1000 1238 1289 1299 loqueretur
1326 1240 1384 1286 fr.
1420 1240 1659 1288 XXXVII
1698 1236 1766 1306 (v.
1796 1246 1822 1290 1

142 1319 292 1384 ἔχειν,
339 1337 384 1368 v.
419 1321 449 1368 3
493 1311 630 1383 εἶτα).
723 1310 791 1366 V.
834 1311 890 1366 3.
948 1317 1047 1367 Cfr.
1089 1319 1296 1367 Sotades
1337 1320 1551 1369 comicus
1592 1337 1667 1383 ap.
1707 1323 1826 1371 Ath.

138 1401 236 1450 VII
279 1401 429 1450 293b
471 1394 545 1465 (II
584 1400 691 1446 448
733 1392 921 1463 Kock):
963 1396 1092 1447 ἔσται
1133 1394 1197 1447 δι’
1234 1398 1389 1463 ἅλμης
1427 1399 1629 1465 λιπαρὸς
1666 1400 1828 1465 ἑφθὸς

136 1480 190 1530 ἐν
228 1481 360 1550 χλόῃ.

246 1563 365 1610 XIX
419 1562 583 1610 Minus
623 1560 860 1608 concinna
898 1560 1065 1609 evadit
1103 1562 1418 1622 comparandi
1466 1562 1595 1610 ratio
1635 1563 1823 1612 talibus

134 1644 305 1706 qualia
342 1643 532 1691 tradita
571 1643 689 1690 sunt
732 1657 778 1689 v.
819 1643 849 1689 2
898 1646 996 1688 τῶν
1034 1637 1196 1689 ἄλλων
1233 1641 1433 1691 πάντων
1473 1639 1665 1706 ὄψων,
1712 1659 1823 1692 cum

134 1724 253 1772 bina
291 1721 676 1786 comparatiOnis
708 1721 932 1770 membra
961 1737 1138 1782 parum
1171 1725 1289 1785 apte
1322 1723 1553 1785 opposita
1584 1724 1699 1786 sint,
1738 1727 1823 1774 sed

135 1805 352 1854 alterum
377 1805 536 1852 altero
563 1802 899 1863 contineatur3
925 1817 1042 1850 nam
1058 1800 1252 1861 θύννος
1276 1820 1471 1866 quoque
1497 1808 1548 1854 et
1570 1808 1824 1869 κορακῖνοι

133 1887 266 1934 inter
297 1886 502 1934 obsonia
532 1884 796 1932 habentur.
858 1882 995 1930 Haec
1019 1884 1188 1932 autem
1220 1884 1272 1932 ni
1301 1885 1450 1934 fallor
1478 1888 1629 1948 poeta
1659 1886 1822 1935 dicere

131 1968 315 2030 voluit,
369 1969 511 2015 tanto
557 1966 816 2027 praestare
863 1978 1102 2026 congrum
1150 1965 1295 2012 illum
1344 1979 1493 2027 quem
1539 1965 1723 2014 alicubi
1767 1967 1821 2014 in

131 2047 282 2096 Italia
327 2046 621 2110 capiendum
666 2047 1014 2107 praeceperat,
1062 2045 1239 2093 ceteris
1287 2046 1528 2108 congris
1577 2046 1820 2110 omnibus,

133 2130 320 2190 quanto
355 2127 607 2189 thynnum
636 2124 1023 2187 pinguissimum
1053 2125 1285 2188 pessimis
1315 2125 1566 2186 pisciculis
1596 2126 1817 2175 minutis.

130 2209 308 2271 Itaque
331 2206 498 2256 nescio
531 2221 595 2254 an
626 2220 715 2266 pro
748 2200 892 2267 ὄψων
922 2205 1261 2268 reponendum
1286 2205 1351 2254 sit
1372 2203 1608 2271 γόγγρων.
1658 2205 1818 2270 Quam

132 2289 315 2338 abiecti
367 2289 535 2336 autem
589 2287 847 2349 κορακῖνοι
907 2285 1094 2334 fuerint
1146 2286 1455 2334 demonstrat
1507 2288 1814 2349 comparatio

131 2359 384 2420 simimma
407 2366 541 2431 apud
562 2365 863 2428 Amphidem
889 2359 1144 2431 (Atuvn
1168 2367 1314 2414 309a
1332 2386 1401 2403 =
1419 2366 1470 2413 11
1495 2368 1600 2414 242
1628 2363 1813 2433 Koek)2

131 2450 260 2510 ὅστις
298 2451 565 2514 κορακῖνον
597 2443 752 2495 ἐσθίει
781 2445 1047 2495 θαλάττιον
1081 2439 1088 2512 Ι
1122 2445 1339 2511 γλαύκου
1370 2444 1631 2511 παρόντος,
1669 2441 1814 2506 οὗτος

129 2530 224 2582 οὐκ
260 2529 356 2596 ἔχει
393 2525 589 2594 φρένας.

239 2612 330 2661 XX
383 2612 606 2658 Γλαῦκοι
651 2608 936 2672 Μεγαρικοί
976 2609 1246 2657 laudantur
1290 2607 1353 2657 ab
1399 2607 1685 2670 Antiphane
1731 2623 1810 2671 ap.

127 2694 247 2743 Ath.
285 2692 384 2740 VII
431 2691 573 2740 2950
626 2683 702 2755 (II
744 2690 811 2737 92
859 2684 1038 2755 Kock).
1130 2688 1367 2737 Eiusdem
1419 2687 1570 2750 piscis
1622 2690 1811 2739 mentio

127 2774 298 2838 paullo
359 2772 627 2822 obliterata
686 2771 764 2818 est
826 2770 960 2831 apud
1015 2769 1309 2818 Axionicum
1370 2765 1424 2816 ἐν
1482 2767 1808 2840 Φιλευριπίδῃ

130 2848 272 2922 (Ath.
319 2853 443 2901 VIII
490 2851 642 2901 342b
682 2870 752 2888 =
793 2849 845 2898 H
891 2851 997 2899 413
1045 2842 1233 2915 Kock),
1285 2847 1420 2911 quod
1473 2849 1810 2912 fragmentum

127 2936 259 2984 hunc
281 2935 385 2983 fere
414 2934 467 2982 in
490 2931 692 2984 modum
722 2930 922 2980 videtur
945 2929 1332 2980 restituendum:
1371 2924 1520 2978 ἄλλον
1553 2923 1600 2978 δ’
1629 2924 1806 2999 ἰχθὺνΙ

1453 3013 1541 3054 12*
