2038 3140
855 145 914 150 -
1001 115 1065 166 18
1150 144 1211 150 -—
1544 135 1874 171 BATRACHOM.

265 247 405 307 Ζεὺς
446 242 505 298 δὲ
543 248 715 308 θεοὺς
753 244 986 308 καλέσας
1027 247 1104 307 εἰς
1147 246 1389 315 οὐρανὸν
1431 247 1758 317 ἀστερόεντα
1902 263 1966 295 145

189 331 281 385 καὶ
319 333 562 402 πολέμου
601 336 826 401 πληθὺν
868 334 1047 398 δείξας
1085 335 1385 403 κρατερούς
1423 354 1480 387 τε
1521 337 1785 404 μαχητάς,

78 436 159 475 170
195 424 457 487 [πολλοὺς
495 421 586 474 καὶ
626 422 897 491 μεγάλους
935 418 1028 490 ἠδ’
1067 423 1224 490 ἔγχεα
1264 424 1443 493 μακρὰ
1481 422 1778 494 φέροντας,

193 503 309 572 οἷος
347 512 685 581 Κενταύρων
727 512 957 582 στρατὸς
997 512 1209 581 ἔρχεται
1248 508 1347 578 ἠδὲ
1388 512 1724 580 Γιγάντων,]

190 598 297 665 ἡδὺ
337 603 514 665 γελῶν
556 598 780 669 ε’ρέεινε·
827 602 985 662 Τίνες
1025 600 1383 669 βατράχοισιν
1423 598 1631 668 ἀρωγοὶ

188 685 221 753 ἢ
264 685 433 755 μυσὶν
473 687 798 753 άθανάτων;
846 687 938 740 καὶ
971 686 1279 755 Ἀθηναίην
1318 687 1668 757 προσέειπεν·
1903 702 1968 735 150

255 768 320 827 Ὦ
358 778 629 846 θύγατερ,
671 775 841 846 μυσὶν
881 772 968 847 ἀρ’
1007 774 1415 843 έπαλεξήσουσα
1454 778 1725 846 πορεύσῃ;

75 878 158 918 175
190 863 282 917 καὶ
320 866 425 935 γὰρ
467 874 570 918 σοῦ
609 867 745 918 κατὰ
782 866 923 933 νηὸν
963 863 1047 917 ἀεὶ
1086 872 1382 934 σκιρτῶσιν
1422 865 1681 932 ἅπαντες,

187 955 348 1023 κνίσῃ
389 956 718 1058 τερπόμενοι
755 952 847 1006 καὶ
887 951 1153 1022 ἐδέσμασι
1184 954 1638 1006 παντοδαποισιν.

248 1039 350 1104 Ὼς
389 1038 476 1112 άρ’
514 1044 619 1112 ἔφη
660 1043 969 1113 Κρονίδης,
1008 1043 1107 1094 τὸν
1149 1039 1210 1094 δε
1247 1040 1573 1112 προσέειπεν
1607 1039 1837 1110 Ἀθήνη·

254 1122 317 1181 Ὦ
356 1131 541 1201 πάτερ,
585 1132 686 1184 οὐκ
726 1131 795 1184 ἂν
834 1127 1041 1183 πώποτ’
1084 1130 1188 1197 ἐγὼ
1232 1129 1366 1199 μυσὶ
1404 1129 1809 1200 τειρομένοισιν
1902 1142 1969 1176 155

190 1216 459 1287 ἑσποίμην
501 1219 807 1290 ἐπαρωγός,
848 1217 964 1272 ἐπεὶ
1002 1219 1140 1271 κακὰ
1179 1218 1356 1271 πολλά
1395 1216 1449 1287 μ’
1489 1220 1692 1287 ἕοργαν

73 1321 157 1361 180
190 1305 466 1376 στέμματα
504 1307 840 1376 βλάπτοντες
878 1305 969 1359 καὶ
1008 1307 1248 1375 λύχνους
1287 1305 1450 1360 εἵνεκ’
1489 1306 1692 1359 ἐλαίου.

735 1546 935 1580 HOMERI
974 1546 1095 1580 LOCI
1135 1546 1332 1580 SIMILES

194 1631 278 1672 168
312 1625 377 1679 εἰς
409 1627 612 1684 οὐρανὸν
644 1625 956 1684 ἀστερόεντα*
992 1629 1033 1671 Ο
1057 1633 1139 1672 371

191 1699 276 1739 170
307 1695 514 1744 πυκνοὺς
546 1693 625 1737 καὶ
657 1692 917 1751 μεγάλους*
947 1697 1009 1737 Μ
1028 1698 1082 1737 57

192 1763 275 1804 172
310 1759 398 1815 ἡδὺ
431 1759 659 1816 γέλασσαν
691 1763 726 1803 Β
752 1765 839 1804 270

309 1825 410 1870 ὅσοι
440 1830 704 1870 Δαναοῖσιν
737 1827 942 1883 ἀρωγοί*
978 1827 1018 1870 Θ
1042 1830 1127 1870 2Οὸ

192 1897 276 1936 174
1198 1891 1346 1948 αὐτὰρ
1381 1888 1460 1949 ἐμὲ
1496 1893 1610 1944 Ζεὺς

307 1963 369 2019 τῷ
403 1956 779 2014 ἐπαλεξήσουσαν
811 1956 895 2002 ἀπ’
925 1955 1192 2014 οὐρανόθεν
1222 1958 1470 2012 προΐαλλεν
1507 1961 1547 2004 Θ
1571 1963 1657 2004 364
1675 1974 1743 2015 sq.

191 2029 276 2069 178
308 2023 594 2082 τειρομένοις
626 2020 858 2082 ἑτάροισιν
891 2021 1126 2080 ἀμυνέμεν
1162 2026 1199 2066 Ρ
1220 2029 1304 2068 703

191 2095 274 2135 179
307 2090 422 2141 Διὸς
452 2087 603 2144 τέκος,
638 2090 901 2146 ἀτρυτώνη·
930 2092 937 2147 Ι
965 2088 1096 2134 σπεῖό
1130 2106 1207 2147 μοι
1239 2084 1328 2135 κτὲ.
1362 2093 1508 2135 K284
1527 2105 1592 2147 sq.

306 2160 367 2215 τῷ
400 2171 481 2199 κεν
514 2153 596 2212 ἅμ’
634 2150 858 2212 ἑσποίμην
891 2172 926 2211 φ
947 2160 1000 2200 77

306 2221 432 2266 κακὰ
461 2221 607 2266 πολλὰ
641 2219 805 2279 ἔοργε*
839 2223 879 2265 Θ
903 2226 988 2266 356
1031 2215 1034 2218 ’

750 2448 1006 2484 VARIETAS
1044 2447 1268 2483 LECTION
1269 2448 1315 2482 IS

311 2536 394 2578 170
419 2545 508 2576 om.
527 2530 584 2576 N
598 2544 763 2575 manus
785 2536 807 2575 1
884 2532 993 2588 post
1017 2534 1100 2575 170
1119 2529 1252 2591 addit
1267 2530 1329 2575 L:
1365 2530 1527 2575 170ab
1551 2530 1611 2581 ὡς
1627 2530 1872 2590 βατράχων

190 2597 381 2656 στρατὸς
406 2595 598 2657 ἔβρεμεν
617 2594 718 2642 εὖτε
735 2595 966 2655 γιγάντων
994 2598 1001 2652 Ι
1029 2595 1110 2639 καὶ
1133 2601 1264 2653 μυῖες
1286 2596 1553 2654 κενταύρων
1569 2597 1872 2654 μεγαλαύχων

189 2659 309 2720 ἦσαν
342 2664 494 2722 ὁμοῖοι
527 2661 736 2722 (Ἆχαίων
768 2659 888 2719 ἦσαν
921 2662 1103 2720 ὁμοῖοι*
1134 2680 1159 2707 τ
1183 2665 1289 2719 240)
1441 2668 1525 2707 172
1565 2662 1740 2720 ἀρωγοὶ
1769 2664 1814 2707 L

190 2734 276 2775 173
306 2727 336 2786 ἢ
368 2729 478 2788 μυσὶ
506 2728 814 2787 τειρομένοισι
843 2729 925 2774 καὶ
949 2728 1227 2788 προσέειπεν
1252 2727 1423 2787 Ἀθήνῃ
1461 2728 1506 2774 V
1605 2733 1690 2773 174
1721 2727 1798 2787 ἄρ’
1826 2730 1872 2773 L

190 2790 284 2853 ἆρα
321 2795 625 2855 βοηθήσουσα
661 2796 706 2841 V
790 2801 876 2842 175
914 2795 990 2840 ἀεὶ
1020 2809 1110 2840 om.
1152 2796 1195 2841 V
1341 2799 1424 2839 176
1463 2796 1626 2852 κνίσσῃ
1664 2794 1708 2839 V
1791 2795 1873 2839 καὶ

187 2860 404 2906 θνσιάων
429 2860 704 2920 αἰδέσμασιν
721 2862 831 2908 LN
912 2867 997 2908 177
1021 2861 1102 2906 τὸν
1127 2859 1199 2920 δὲ]
1226 2859 1308 2906 καὶ
1331 2859 1389 2917 δὴ
1414 2861 1460 2906 V
1536 2865 1618 2905 179
1643 2855 1873 2918 ἑσποίμην

191 2926 546 2974 Stadtmueller:
579 2924 806 2986 ἐλθοίμην
836 2928 936 2974 LV
991 2927 1170 2986 ἀρωγὸς
1192 2927 1235 2971 L
1293 2924 1440 2972 πολλά
1473 2923 1641 2983 ἕοργαν
1673 2926 1718 2970 L
