2038 3140
0 2858 6 2944 ἶὲ

123 121 408 156 CONVIvlvm
445 120 678 154 ATTICVM
788 130 851 138 —
934 101 1001 153 73
1083 131 1145 138 —

122 241 325 286 auctore
372 237 843 300 Schweighaeusero
892 252 1130 299 reponere
1185 234 1518 302 ἐπιτέτραπται
1571 253 1661 299 pro
1709 235 1810 285 ἐπι-

121 318 437 382 τετράφαται,
484 319 616 380 quod
661 319 738 366 illi
783 317 1050 367 videbatur
1096 334 1156 366 ex
1202 321 1243 366 B
1269 320 1337 368 25
1388 322 1438 367 et
1488 320 1553 367 62
1599 306 1664 386 (ᾧ
1703 317 1816 366 λαοί

122 395 162 447 τ’
209 392 605 465 ἐπιτετράφαται)
653 400 749 447 huo
787 400 914 447 falso
953 398 1153 446 illatum
1194 415 1315 448 esse.
1377 400 1508 448 Nam
1551 402 1603 447 et
1639 399 1810 446 rectis-

122 482 243 529 sime
291 481 435 529 docet
470 481 749 529 Meinekius
794 480 942 530 Anal.
981 479 1124 527 Alex.
1171 498 1215 542 p.
1261 482 1388 541 158,
1438 479 1812 542 Euphorionem
1909 516 1911 518 .

121 561 469 626 φλεγεθοίατο,
502 556 697 626 (Schol.
744 562 808 609 ad
854 563 912 608 Ψ
946 555 1108 626 197),
1164 560 1525 610 Callimachum
1576 559 1812 624 παρείατο

121 635 367 708 (Crameri
397 642 585 691 Anecd.
614 642 641 690 I
670 659 716 704 p.
751 635 898 708 373),
930 642 1147 690 Aratum
1178 642 1397 690 Diosem.
1425 643 1528 690 716
1563 638 1812 705 ῥηγνύατο

121 722 304 771 dixisse
352 720 549 785 ἑνικῶς,
598 726 649 771 et
694 723 782 771 illo
828 723 936 784 ipso
977 722 1151 770 Iliadis
1198 723 1305 771 loco
1354 739 1500 785 quem
1548 722 1814 784 detorquet

122 797 200 870 (E
236 797 374 870 750)
423 805 586 853 Matre
640 805 857 853 fortasse
913 803 1038 865 legit
1091 800 1494 868 ἐπιτετράφαται,
1556 803 1654 851 etsi
1707 802 1814 850 eius

119 885 347 933 lectionis
408 886 652 933 librorum
712 883 929 947 vestigia
989 900 1119 932 nunc
1181 887 1507 934 evanuerunt.
1606 878 1675 932 V.
1736 876 1812 931 13

121 966 298 1027 scripsi
342 963 676 1029 ἀναθεῖναι,
722 966 856 1028 quod
902 965 1125 1027 proxime
1172 965 1363 1014 accedit
1409 966 1472 1013 ad
1515 961 1814 1012 ἐπιθεῖναι

120 1049 168 1094 Ε
211 1048 337 1110 751;
401 1048 589 1111 legitur
648 1043 941 1096 ἀνατιθέναι
995 1062 1107 1095 cum
1161 1048 1363 1095 notione
1418 1046 1700 1108 differendi,
1755 1048 1815 1093 ut

118 1127 422 1188 posteriores
472 1129 700 1176 omittam
748 1129 1038 1191 scriptoreS,
1094 1127 1228 1190 apud
1276 1127 1425 1189 Soph.
1468 1127 1548 1176 Ai.
1597 1129 1703 1176 476
1762 1129 1814 1175 et

120 1207 250 1255 Pla-t.
283 1208 405 1271 Leg.
436 1209 509 1257 XI
550 1210 654 1258 935
668 1225 707 1257 e.
795 1203 866 1259 V.
911 1202 1005 1256 16.
1055 1203 1284 1271 ε’Όστρεα
1320 1209 1374 1255 in
1409 1208 1677 1269 prooemiis
1724 1223 1814 1270 ap·-

118 1278 284 1351 posita
324 1305 434 1338 esse
473 1289 617 1337 docet
653 1289 772 1337 Ath.
797 1289 871 1336 IV
898 1283 1080 1338 1320'.
1118 1288 1546 1337 Waohsmuthius
1608 1282 1679 1337 V.
1716 1283 1812 1338 17.

118 1370 182 1419 In
211 1370 354 1418 initio
387 1371 648 1431 epularum
681 1371 984 1418 salsamenta
1008 1370 1263 1432 appositos
1289 1385 1397 1418 esse
1422 1372 1623 1431 praeter
1652 1370 1816 1431 ipsam

119 1451 626 1514 Dipnosophistarum
657 1451 1034 1513 dispositionem
1056 1451 1133 1499 III
1165 1453 1310 1499 116³,
1329 1466 1432 1513 sqq.
1460 1452 1605 1500 docet
1628 1452 1813 1500 ibidem

118 1532 470 1594 Euthydemus
494 1531 770 1581 Hesiodum
794 1533 1084 1582 ementitus:
1108 1530 1416 1596 Γαδειρόθεν
1441 1529 1543 1591 ἄξει
1566 1525 1815 1598 ΙΒρέττιος

63 1660 66 1663 .
120 1609 154 1676 ἢ
185 1610 461 1676 Καμπανὸς
497 1609 532 1676 ἢ
571 1610 626 1662 ἐκ
663 1610 864 1672 ζαθέοιο
902 1613 1150 1678 Τάραντος
1182 1613 1190 1674 Ι
1226 1609 1457 1677 ὀρκύνοιο
1488 1613 1717 1679 τρίγωνα,
1755 1613 1817 1661 τά

120 1689 160 1741 τ’
199 1691 252 1742 ἐν
291 1692 547 1756 στάμνοισι
577 1691 782 1743 τεθέντα
816 1690 823 1759 Ι
857 1692 1117 1758 ἀμφαλλὰξ
1150 1693 1488 1743 δείπνοισιν
1527 1692 1616 1743 ἐνὶ
1652 1693 1816 1759 πρώ-

119 1786 313 1824 τοισιν
353 1771 540 1838 ὀπηδεῖ.
625 1775 687 1826 V.
729 1778 797 1824 17
839 1775 1123 1824 simillimus
1163 1778 1242 1824 est
1281 1776 1419 1824 locus
1449 1775 1709 1826 Archestr.
1750 1777 1814 1825 fr.

119 1855 387 1904 XXXVIII
419 1858 449 1904 3
486 1852 705 1925 σαπέρδῃ
739 1851 784 1904 δ’
812 1853 969 1906 ἐνέπω
1001 1855 1186 1905 κλαίειν
1218 1855 1398 1921 μακρά,
1429 1858 1662 1926 Ποντικῷ
1687 1853 1817 1926 ὄψῳ,

120 1952 271 2000 quem
293 1937 378 1986 vix
393 1937 557 1984 Matro
580 1938 748 1998 potuit
768 1952 869 1986 non
886 1939 939 1986 in
961 1937 1128 1986 animo
1151 1937 1349 1986 habere.
1390 1937 1534 1986 Unde
1551 1937 1817 1986 Kaibelius

121 2017 275 2067 etiam
311 2017 444 2079 apud
481 2017 765 2067 Matronem
802 2018 1169 2068 restituendum
1198 2018 1387 2067 iudicat
1417 2018 1603 2083 χαίρειν
1634 2018 1811 2083 μακρά,

118 2095 371 2147 Ποντικὸν
409 2093 560 2160 ὄψον,
599 2093 718 2147 ‘nisi
746 2099 878 2148 forte
908 2100 1215 2148 salsamenta
1245 2098 1496 2148 Gaditana
1525 2094 1816 2162 intellegas'

122 2171 439 2245 (Γαδειρικὸν
476 2177 671 2243 τάριχος
715 2178 835 2228 Ath.
873 2179 953 2227 ΠΙ
985 2181 1090 2228 118
1103 2179 1135 2227 d
1159 2195 1209 2243 e.;
1248 2180 1307 2228 cf.
1336 2179 1643 2242 Euthydemi
1681 2181 1818 2243 frag'-

119 2261 346 2308 mentum
384 2258 531 2308 modo
569 2257 830 2319 adlatum).
909 2257 1018 2316 Qua
1062 2260 1116 2307 in
1160 2260 1574 2322 interpretatione
1623 2261 1816 2323 acquie—

123 2341 259 2390 scere
298 2339 507 2403 poteri83
554 2338 644 2388 sed
684 2339 897 2389 fortasse
936 2339 1209 2390 Phoenices
1250 2342 1554 2391 salsamenta
1590 2342 1679 2390 illa
1715 2357 1819 2390 non

120 2423 228 2471 tam
264 2421 318 2469 in
355 2420 548 2469 deliciis
587 2435 738 2482 quam
772 2421 827 2469 in
863 2421 1157 2470 necessariis
1196 2422 1433 2471 habuisse
1472 2422 1719 2484 dicuntur,
1757 2424 1820 2471 ut

122 2502 210 2565 qui
254 2502 551 2564 navigantes
597 2502 755 2550 coacti
806 2501 997 2550 fuerint
1048 2517 1195 2551 carne
1242 2503 1346 2552 sale
1393 2503 1631 2552 indurata
1665 2504 1816 2553 vesci.

127 2582 271 2640 Quod
309 2582 571 2645 opsonium
609 2598 710 2644 qua
740 2582 801 2631 de
831 2597 985 2632 causa
1013 2583 1181 2633 minus
1211 2584 1480 2646 probatum
1511 2584 1680 2645 fuerit,
1720 2583 1817 2632 col·

121 2663 214 2728 ligi
257 2665 424 2726 potest
470 2679 532 2712 ex
566 2662 761 2725 Diphili
797 2662 994 2726 Siphnii
1029 2664 1197 2714 verbis
1241 2679 1320 2726 ap.
1357 2665 1478 2713 Ath.
1515 2663 1596 2712 III
1635 2665 1738 2712 121
1759 2664 1818 2712 b:

125 2742 180 2794 τὸ
220 2739 618 2808 δὲ’ὠμοτάριχον
641 2780 654 2792 .
679 2779 691 2792 .
715 2741 815 2793 ἐστὶ
851 2742 982 2808 βαρὺ
1012 2741 1094 2793 καὶ
1125 2744 1376 2809 γλοιῶδες,
1412 2740 1610 2809 προσέτι
1649 2740 1703 2792 δὲ
1731 2740 1819 2793 καὶ

126 2825 422 2876 δύσπεπτον.
496 2819 565 2876 V.
600 2818 698 2874 18.
750 2824 826 2872 De
859 2824 1046 2874 echinis
1075 2825 1286 2876 Aristot.
1317 2825 1379 2874 H.
1413 2826 1470 2873 A.
1508 2824 1583 2872 IV
1621 2825 1678 2874 5:
1716 2822 1819 2873 ἔστι

127 2902 205 2955 δὲ’
225 2902 344 2971 γένη
389 2903 539 2954 πλείω
578 2910 684 2969 ,τῶν
730 2901 929 2969 ἐχίνων,
968 2903 1030 2954 ἓν
1076 2901 1166 2969 μὲν
1210 2903 1263 2955 τὸ
1309 2903 1624 2969 ἐσθιόμενον·
1669 2910 1815 2955 τοῦτο
