2038 3140
130 124 446 158 FRAGMENTA
770 135 831 142 —
919 105 1023 158 105
1105 136 1164 142 —-

141 245 260 290 sunt
292 268 359 276 —
395 256 520 303 quae
552 257 670 287 num
711 241 907 289 omnino
950 242 1078 290 circa
1118 242 1306 290 exitum
1344 242 1490 304 primi
1531 259 1575 304 p.
1619 242 1731 291 Chr.
1770 260 1815 292 n.

135 323 319 371 saeculi
349 322 481 384 apud
501 321 715 370 Graecos
741 322 928 370 fuerint
958 323 1087 371 sicut
1103 323 1241 370 fuere
1259 323 1389 385 apud
1406 323 1655 372 Romanos
1673 325 1818 373 valde

134 403 338 451 dubium
387 397 516 466 est1)
563 428 625 436 —
678 402 764 450 sed
810 405 868 450 ut
915 403 1044 451 solet
1092 403 1223 464 apud
1270 403 1542 452 Homerum
1588 404 1816 453 formulis

138 484 236 532 illis
272 477 350 547 (οἷ
370 476 444 546 δέ,
477 483 530 532 οἱ
549 478 664 549 μέν)
698 484 934 532 adhibitis
967 484 1028 532 de
1060 484 1230 532 eodem
1264 485 1484 533 subiecto
1518 485 1675 534 oratio
1708 502 1820 547 pro-

132 566 348 627 pagatur
397 557 492 630 (sic
532 565 702 612 Β459
745 570 840 612 τῶν
882 561 958 627 δέ,
1007 566 1113 612 474
1157 562 1272 622 τοὺς
1312 557 1403 630 δέ).
1481 565 1659 627 Itaque
1706 582 1816 614 cum

131 662 178 695 v.
206 646 380 693 7—21
411 644 474 693 ad
499 646 772 707 agitatores
799 647 929 694 solos
953 645 1252 709 pertineant,
1281 648 1369 693 aut
1394 661 1583 694 errasse
1608 646 1818 695 Dionem

135 741 330 774 sumere
359 726 594 774 debemus
622 728 678 774 ut
705 726 806 775 illis
832 742 1026 789 quoque
1049 727 1276 775 versibus
1294 726 1493 789 depingi
1517 730 1818 788 spectatores

132 807 436 856 intellexisse
469 807 721 868 putandus
756 807 822 854 sit
862 801 947 873 (cf.
979 807 1031 855 in
1061 807 1348 870 testimonio
1380 804 1583 855 πέτεσθε
1624 811 1675 855 et
1705 825 1749 856 v.
1785 811 1813 857 9

133 883 386 950 πέτονται,
433 888 486 935 in
525 888 806 936 testimonio
853 886 1046 935 πίπτετε
1095 890 1145 935 et
1190 904 1234 936 v.
1280 889 1345 936 13
1388 885 1615 949 ἔπιπτον,
1661 905 1705 936 v.
1750 891 1813 936 17

133 960 446 1034 πίπτουσιν),
489 970 577 1016 aut
606 967 779 1029 primis
820 969 918 1017 illis
959 968 1187 1017 versibus
1228 961 1423 1034 (1—6)
1464 968 1645 1016 adlatis
1684 969 1818 1015 iusto

134 1048 336 1110 longius
375 1050 670 1110 provectum
708 1050 927 1111 reliquos
968 1049 1120 1097 animi
1160 1064 1310 1097 causa
1357 1048 1620 1098 addidisse.
1695 1048 1815 1096 Mihi

133 1129 331 1190 quidem
369 1129 495 1176 illud
533 1130 850 1178 verisimilius
889 1130 1101 1179 videtur.

253 1209 419 1257 Unum
483 1213 654 1258 tamen
715 1211 979 1259 cumulatis
1050 1211 1150 1258 illis
1215 1210 1628 1258 similitudinibus
1690 1209 1818 1258 effici

131 1290 361 1350 videtur,-
398 1293 458 1338 ut
497 1291 696 1339 diversa
734 1293 1019 1340 certaminis
1059 1295 1309 1339 momenta
1347 1294 1706 1354 proponantur:
1762 1295 1819 1339 ut

134 1371 264 1418 enim
288 1387 332 1418 v.
363 1373 503 1419 7——9
531 1370 638 1432 (cfr.
664 1372 907 1434 imprimis
931 1390 976 1422 v.
1004 1367 1061 1439 8)
1088 1388 1262 1421 cursus
1283 1373 1482 1420 initium
1507 1371 1818 1432 describitur,

133 1451 202 1500 sic
226 1468 271 1501 v.
295 1453 510 1500 10—13
536 1453 727 1513 primus
754 1453 1053 1501 certantium
1079 1468 1344 1501 concursus
1364 1453 1651 1500 illustratur
1669 1448 1734 1518 (v.
1751 1455 1815 1502 13

131 1527 207 1580 ἐπ’
230 1529 509 1596 ἀλλήλοισιν
525 1526 777 1600 ἕπιπτον);
804 1550 951 1595 quem
969 1535 1194 1596 sequitur
1211 1533 1358 1581 ardor
1373 1549 1568 1596 pugnae
1585 1534 1814 1582 incitatus

137 1606 205 1680 (v.
237 1615 301 1661 18
336 1612 586 1678 μάρναντο
610 1612 768 1679 πυρὸς
793 1607 983 1680 δέμας),
1014 1614 1249 1662 nimirum
1281 1629 1379 1662 non
1404 1614 1509 1663 sine
1534 1616 1819 1678 aurigarum

132 1694 456 1743 altercatione
494 1711 539 1743 v.
574 1697 642 1744 23
661 1710 765 1758 sqq.
1791 1719 1819 1743 s

243 1775 351 1824 Iam
398 1775 458 1823 de
509 1775 720 1838 singulis
771 1775 992 1825 breviter
1038 1775 1370 1824 absolvamus.
1448 1769 1517 1826 V.
1558 1769 1596 1823 4
1634 1776 1821 1824 retinui

132 1855 393 1905 Urbinatis
449 1855 749 1917 scripturam
798 1855 851 1905 οἷ
893 1852 970 1919 δὲ,
1033 1872 1131 1919 qua
1183 1857 1331 1905 binae
1385 1857 1665 1906 accuratius
1721 1857 1819 1905 dis-

133 1939 404 1986 cernuntur
435 1939 773 1998 spectatorum
803 1938 1047 1986 sactIones
1077 1953 1168 1999 pro
1193 1937 1504 1986 diversorum
1532 1939 1819 2000 aurigarum

134 2021 223 2066 aut
268 2018 408 2066 clade
457 2020 546 2066 aut
590 2018 804 2067 victoria
847 2019 1034 2081 partim
1081 2019 1259 2066 timore
1302 2017 1596 2079 pallentium
1634 2019 1819 2081 partim

133 2098 333 2147 laetitia
362 2098 734 2146 exsultantium.
797 2092 866 2148 V.
902 2093 934 2147 7
974 2114 1065 2160 pro
1103 2094 1162 2161 ἠὲ
1191 2100 1418 2159 κολοιῶν,
1457 2099 1588 2160 quod
1620 2114 1647 2147 e
1676 2115 1723 2149 v.
1750 2099 1819 2147 10

133 2193 397 2241 perperam
434 2178 647 2226 inlatum
686 2193 795 2227 esse
827 2180 1050 2240 apparet,
1088 2177 1341 2226 Diltheius
1371 2174 1679 2241 ἠεροφώνων
1709 2193 1820 2226 con-

133 2259 250 2308 iecit
294 2273 595 2321 praeconum
639 2260 698 2307 ut
737 2259 834 2307 scis
882 2258 1016 2322 apud
1053 2258 1327 2307 Homerum
1373 2258 1652 2322 epitheton3
1691 2274 1819 2321 quae

134 2340 416 2389 coniectura
455 2355 510 2388 eo
552 2354 749 2403 quoque
775 2339 1172 2400 commendatur,
1212 2338 1342 2400 quod
1374 2338 1524 2387 etiam
1563 2337 1819 2401 Oppianus

134 2421 234 2472 hal.
272 2420 297 2468 I
339 2421 445 2470 620
485 2421 696 2469 eundem
734 2436 778 2470 v.
803 2422 853 2467 Γ
869 2422 900 2470 3
934 2420 1161 2468 imitatus
1195 2419 1367 2468 eodem
1398 2419 1620 2482 epitheto
1644 2420 1817 2469 utitur.

136 2501 326 2551 Tamen
371 2502 538 2550 nescio
586 2515 652 2548 an
688 2501 874 2549 rectius
914 2500 1126 2549 Stadtm.
1165 2496 1471 2564 ἠεροφοιτῶν
1517 2500 1628 2550 coll.
1667 2499 1815 2562 Orph.

134 2582 247 2631 lith.
271 2583 341 2631 45
384 2580 505 2631 ὅσσα
542 2598 591 2630 τε
629 2579 947 2646 κεκλήγασι
979 2620 1017 2630 ..
1049 2577 1338 2646 ἠεροφοῖται
1371 2579 1379 2641 Ι
1414 2578 1596 2631 οἰωνοί.
1659 2574 1727 2630 V.
1760 2574 1817 2630 8.

258 2715 301 2771 1)
331 2713 636 2760 Diversorum
667 2726 930 2770 pannorum
958 2727 1059 2758 mos
1090 2713 1152 2757 ad
1179 2711 1520 2757 Alexandrinos
1552 2714 1678 2756 certe
1706 2714 1819 2758 tunc

136 2778 363 2838 temporis
395 2793 424 2824 a
453 2778 681 2824 Romanis
711 2778 922 2824 nondum
951 2778 1211 2824 translatus
1243 2779 1367 2833 erat;
1410 2776 1556 2822 trium
1587 2776 1712 2821 enim
1742 2776 1819 2822 vel

137 2847 360 2904 quattuor
398 2845 670 2903 aurigarum
706 2859 949 2890 numerum
987 2858 1081 2889 uno
1121 2843 1171 2888 in
1202 2844 1457 2889 certamine
1488 2842 1820 2901 prodeuntium

34 2884 37 2886 -
136 2911 227 2958 Dio
259 2913 594 2958 commemorat
623 2925 687 2958 or.
721 2911 891 2956 XXXII
921 2925 966 2968 p.
992 2916 1078 2957 673
1109 2909 1295 2956 Reiske.
