2038 3140
66 664 157 695 LXI

44 1089 158 1122 LXII

843 122 905 130 —
991 92 1094 145 168
1181 123 1238 128 -
1379 110 1661 145 ARCHESTR.
1693 112 1878 144 HEDYP.

200 218 325 275 οἶδα
368 220 428 275 δὲ
467 223 563 288 κάξ
603 225 787 277 ἄλλων
825 226 1042 277 πόλεων
1082 226 1460 292 βοτρυοσταγῆ
1501 225 1632 291 ε”ρνη

200 313 374 364 εἰπεῖν
414 311 642 379 αἰνῆσαί
674 332 730 364 τε
770 310 860 365 καὶ
902 313 968 366 οὔ
1009 332 1072 381 με
1114 307 1303 379 λέληθ’
1341 311 1632 380 ὀνομῆναι·

202 395 321 451 ἀλλ’
361 396 526 452 οὐδὲν
566 395 715 452 τᾶλλ’
754 399 903 453 ἐστὶν
944 400 1127 463 ἁπλῶς
1165 402 1302 471 πρὸς
1341 399 1584 468 Λέσβιον
1624 396 1808 467 οἶνον,

202 486 339 539 ἀλλά
377 506 523 548 τινες
562 488 853 555 χαίρουσιν
894 486 1249 550 ἐπαινοῦντες
1287 488 1352 539 τὰ
1390 482 1518 555 παρ’
1557 487 1757 549 αὑτοῖς.

203 650 341 718 πρὸς
381 646 441 701 δὲ
481 656 576 718 μιῇ
616 649 823 712 πάντας
864 649 1107 702 δειπνεῖν
1147 648 1437 718 ἁβρόδαιτι
1474 649 1720 720 τραπέζῃ.
1903 663 1978 701 (61)

200 739 447 790 ἔστωσαν
490 735 539 789 δ’
578 737 610 806 ἢ
651 746 795 808 τρεῖς
833 737 866 806 ἢ
906 736 1164 807 τέσσαρες
1203 737 1261 790 οἱ
1295 736 1632 801 ξυνάπαντες

201 824 233 893 ἢ
276 834 386 878 τῶν
426 824 587 878 πέντε
624 844 687 893 γε
727 825 799 894 μὴ
840 827 1086 888 πλείους·
1125 826 1231 894 ἤδη
1273 827 1377 895 γὰρ
1419 825 1487 878 ἂν
1527 831 1609 894 εἴη

202 916 573 982 μισθοφόρων
614 913 953 984 ἁρπαξιβίων
994 914 1168 982 σκηνὴ
1210 922 1575 983 στρατιωτῶν.

204 1074 312 1129 αἰεὶ
353 1072 412 1128 δὲ
452 1075 776 1144 στεφάνοισι
814 1075 953 1143 κάρη
993 1076 1140 1144 παρὰ
1184 1076 1341 1127 δαῖτα
1379 1076 1622 1140 πυκάζου
1905 1088 1978 1126 (62)

202 1165 603 1231 παντοδαποῖς,
647 1157 728 1225 οἷς
768 1162 836 1215 ἂν
875 1165 1036 1231 γαίης
1074 1163 1246 1215 πέδον
1286 1164 1477 1230 ὄλβιον
1519 1162 1691 1232 ἀνθῇ,

202 1250 293 1305 καὶ
339 1260 618 1304 στακτοῖσι
658 1252 854 1322 μύροις
893 1250 1120 1319 ἀγανοῖς
1157 1253 1352 1320 χαίτην
1390 1252 1689 1321 θεράπευε,

202 1338 295 1393 καὶ
335 1341 590 1411 σμύρνην
633 1341 865 1408 λίβανόν
904 1359 962 1392 τε
1001 1342 1176 1408 πυρὸς
1215 1340 1464 1408 μαλακὴν
1504 1338 1590 1393 ε’πὶ
1629 1339 1840 1410 τέφρην

892 1506 1207 1541 TESTIMONIA

318 1587 433 1636 LXI
486 1587 662 1635 Ath.1
695 1587 835 1635 4de:
893 1585 964 1635 ὅτι
997 1582 1066 1635 ’A.
1232 1585 1354 1651 φησὶ
1395 1586 1574 1652 «πρὸς
1616 1614 1678 1621 -
1723 1602 1892 1652 στρα-

207 1674 478 1717 τιωτῶν».
548 1668 668 1718 Ath.
692 1666 784 1715 XV
813 1669 939 1716 671:
981 1661 1094 1717 οἶδα
1123 1666 1215 1733 γὰρ
1249 1667 1319 1716 ὅτι
1351 1664 1455 1717 κατ’
1485 1667 1635 1733 ἀρχὰς
1669 1665 1894 1734 ἐλέγομεν

210 1747 276 1813 μὴ
311 1748 625 1797 συνδειπνεῖν
666 1743 797 1815 (δεῖν
829 1749 1068 1798 excidisse
1099 1750 1299 1798 videtur
1321 1744 1594 1817 Meinekio)
1626 1756 1723 1798 τῶν
1753 1747 1893 1798 πέντε

210 1848 265 1896 γε
303 1829 515 1888 πλείους.
590 1830 812 1880 Βονοοειτ
850 1830 1074 1878 Ribbeck
1121 1830 1218 1879 huc
1264 1831 1416 1879 etiam
1462 1831 1581 1880 Ath.
1613 1831 1638 1878 I
1676 1832 1755 1879 1f:
1812 1828 1894 1878 καὶ

209 1904 274 1975 ἦν
313 1906 339 1960 ὁ
379 1909 645 1975 κατάλογος
684 1903 827 1968 οὗτος
871 1907 1227 1974 στρατιωτικός,
1275 1924 1421 1973 φησι,
1469 1913 1652 1973 μᾶλλον
1698 1907 1730 1974 ἢ
1771 1924 1892 1973 συμ-

207 1990 419 2050 ποτικός.
495 1991 725 2040 Eustath.
771 1993 935 2051 1376,
975 1992 1067 2038 42:
1123 1986 1189 2048 ὡς
1235 1987 1398 2049 ἔπαιξε
1445 1998 1791 2054 συμποσιακῶς
1822 1987 1892 2038 Ἀ.

211 2067 237 2122 ὁ
285 2070 631 2137 Συρακούσιος
676 2070 873 2137 γράψας
926 2070 977 2120 τὸ
1040 2069 1138 2120 «gv
1193 2074 1293 2140 μιᾷ
1348 2070 1569 2130 πάντας
1625 2072 1893 2120 δειπνεῖν

221 2151 536 2218 ἁβρόδαιτι
578 2150 850 2221 τραπέζῃ·
892 2150 1148 2202 ἔστωσαν
1189 2149 1248 2200 δέ
1288 2165 1411 2216 φησι
1449 2148 1482 2215 ἢ
1513 2149 1730 2216 τρεῖςῆ
1770 2150 1894 2201 τέσ-

213 2249 387 2299 σαρες
457 2233 516 2284 οἱ
572 2233 905 2297 ξύμπαντες
967 2269 978 2282 .
1021 2272 1085 2283 ..
1156 2230 1521 2299 ἁρπαξιβίων
1570 2227 1646 2300 (1)
1709 2230 1893 2297 σκηνὴ

211 2321 591 2380 στρατιωτῶν.

774 2459 1029 2511 VARIETAS
1066 2475 1338 2510 LEOTIONIS

331 2558 412 2602 LX
461 2562 486 2602 5
519 2555 668 2602 οὐθὲν
702 2557 811 2601 ante
834 2556 1125 2601 Dindorfium
1219 2563 1244 2602 6
1280 2557 1440 2608 αὐτοῖς
1471 2557 1580 2600 ante
1605 2554 1895 2599 Dindorfium

331 2631 435 2676 LXI
484 2636 506 2675 1
540 2636 641 2688 μιῇε
675 2635 759 2692 μιᾷ
791 2630 837 2675 A
957 2637 982 2675 2
1018 2626 1066 2685 ἕξ
1098 2644 1182 2688 pro
1214 2630 1431 2688 τέσσαρες
1465 2629 1504 2674 G

331 2705 455 2750 LXII
489 2709 512 2748 1
539 2703 614 2749 ἀεὶ
632 2704 700 2759 A,
733 2704 933 2749 correxit
955 2703 1142 2747 Brunck
1202 2702 1322 2760 κάρη
1355 2701 1541 2760 scripsi:
1574 2700 1698 2757 κάρα
1728 2702 1775 2746 Α
1867 2707 1893 2746 2

214 2773 350 2829 γαίης
373 2770 609 2815 Meineke:
642 2769 779 2828 γαίας
802 2770 848 2814 A
940 2774 966 2813 3
999 2769 1202 2826 ἀγαθοῖς
1231 2770 1299 2813 A:
1332 2769 1525 2826 ἀγανοῖς
1549 2766 1894 2823 Sbadtmueller‚

215 2838 414 2891 ξανθοῖς
442 2835 545 2893 ipse
577 2835 756 2880 conieci
874 2841 903 2880 4
941 2835 1168 2893 σμύρνηνι
1210 2834 1417 2892 σμύρναν
1448 2833 1494 2877 A
1585 2832 1787 2890 μαλερὴν
1825 2834 1897 2878 vir

215 2901 380 2947 docizus
406 2902 531 2959 apud
555 2901 1048 2962 Schweighaeuserum
1111 2899 1313 2961 ,τέφρην
1344 2898 1579 2944 Meineke:
1610 2898 1789 2956 τέφραν
1820 2899 1868 2944 A
