2038 3140
107 126 423 160 FRAGMENTA
747 136 806 143 —-
894 108 918 157 1
929 107 993 158 77
1078 136 1139 144 -

105 243 405 306 quibusdam
450 242 569 290 viris
619 257 648 289 a
687 242 940 290 veteribus
998 242 1191 290 crimini
1247 243 1461 291 dabatur
1508 246 1637 307 quod
1691 262 1787 294 non

107 323 253 372 modo
293 319 548 387 ὀψοφάγοι
589 327 777 386 essent,
826 323 913 370 sed
961 323 1111 371 etiam
1151 324 1313 371 aleam
1352 324 1602 390 luderent,
1650 327 1789 375 velut

108 403 353 466 Hyperidi
379 406 427 451 et
454 402 640 452 Calliae
664 404 947 452 rhetoribus
972 406 1101 452 teste
1125 403 1243 452 Ath.
1270 405 1394 452 VIII
1419 406 1565 453 342a
1590 400 1788 472 (quam-

105 500 256 546 quam
287 500 347 532 ex
369 484 596 533 Axionici
618 484 817 546 quidem
848 484 1128 546 fragmento
1163 484 1233 542 [II
1256 486 1361 533 413
1391 485 1550 548 Kock]
1580 486 1788 538 Calliam

104 566 379 613 aleatorem
424 565 577 614 fnisse
624 581 722 614 non
774 564 1011 625 cernitur3
1067 565 1151 615 cfr.
1193 564 1369 614 Kockii
1408 561 1557 631 adn).
1645 570 1787 619 Unde

106 646 171 693 acl
194 645 509 694 Archestrati
531 647 695 694 locum
719 645 1079 707 explanandum
1112 645 1238 693 nihil
1261 646 1557 707 proficimus.
1614 651 1787 713 Neque

106 727 259 775 verba
296 724 501 775 πλεκτὸν
539 725 748 789 ὕφασμα
785 727 954 774 κοῖλον
999 727 1219 775 modicae
1266 729 1431 775 fritilli
1472 731 1788 791 amplitudini

105 809 431 868 conveniunt,
479 808 629 856 immo
676 806 933 874 verissime
983 805 1102 855 Otto
1142 808 1364 856 Ribbeck
1410 810 1539 870 apud
1579 811 1789 860 fratrem

106 889 314 937 adnotat
354 886 561 937 πλεκτὸν
599 886 808 950 ὕφασμα
846 887 1019 949 utique
1059 903 1166 936 esse
1207 889 1417 937 cistam
1455 891 1788 941 vimineam.

106 970 246 1018 Hanc
289 986 410 1019 vero
459 970 520 1017 ad
567 968 892 1030 piscationem
944 968 1193 1030 pertinere
1240 970 1503 1019 manifeste
1549 973 1790 1034 probatur

105 1066 203 1099 non
244 1051 406 1119 solum
445 1049 685 1112 Hesychii
723 1049 892 1110 glossa
938 1064 976 1097 S.
1015 1066 1061 1098 v.
1100 1048 1296 1114 κύρτος·
1345 1048 1584 1116 ἀγγεῖον
1630 1065 1789 1117 σχοι-

105 1131 315 1193 νῶὸες,
355 1120 393 1199 ᾧ
434 1129 494 1179 οἷ
527 1127 711 1187 ἁλιεῖς
749 1135 1032 1193 χρῶνται,
1073 1131 1160 1178 sed
1199 1131 1354 1180 etiam
1384 1132 1614 1182 Ararotis
1654 1135 1790 1197 frag-

106 1215 274 1262 mento
307 1229 383 1275 ap.
418 1212 534 1260 Ath.
566 1210 644 1258 III
678 1212 819 1259 105e
855 1204 930 1277 (ΙΙ
964 1213 1067 1259 217
1103 1207 1288 1276 Kock):
1328 1211 1389 1260 αἴ
1417 1230 1465 1261 τε
1503 1209 1783 1280 καμπύλαι,

102 1293 300 1357 καρῖδες
353 1290 605 1355 ἐξήλλοντο
663 1290 908 1352 δελφίνων
959 1290 1103 1354 δίκην
1150 1288 1157 1354 Ι
1206 1291 1274 1349 εἰς
1329 1291 1788 1357 σχοινόπλεκτον

102 1373 295 1440 ἄγγος.
352 1373 539 1431 Quibus
572 1372 735 1420 verbis
767 1388 867 1420 non
898 1373 1196 1420 describitur
1228 1373 1353 1421 cista
1383 1374 1599 1422 viminea
1631 1377 1787 1438 captis

104 1457 322 1518 piscibus
371 1454 622 1502 cancrisve
668 1452 988 1514 recipiendiS‚
1045 1453 1133 1500 sed
1176 1468 1326 1501 nassa
1373 1449 1484 1518 (nos
1523 1457 1789 1506 vernaculo

105 1553 333 1587 sermone
365 1526 592 1600 eReuse')
626 1548 724 1596 qua
747 1533 868 1581 retis
893 1534 1000 1582 loco
1024 1534 1299 1595 piscatores
1323 1535 1605 1584 utebantur.
1661 1535 1789 1592 Quid

106 1633 226 1668 vero
265 1617 363 1665 sibi
399 1615 559 1665 velint
597 1613 759 1662 silices
798 1615 1080 1678 torquendi,
1120 1631 1179 1663 ex
1216 1615 1278 1663 iis
1317 1615 1550 1679 colligere
1588 1619 1790 1680 poteris,

105 1699 288 1761 quibus
314 1696 639 1759 spongiarum
661 1694 713 1742 in
737 1710 826 1742 ora
847 1694 1188 1744 Dalmatica
1212 1698 1262 1744 et
1284 1695 1508 1744 Istrica
1531 1700 1790 1759 capturam

105 1779 342 1829 describit
381 1777 647 1825 Brehmius
687 1769 1024 1824 ‘Thierleben'
1064 1779 1192 1838 part.
1232 1775 1306 1823 IV
1343 1779 1460 1825 tom.
1505 1778 1533 1824 2
1578 1794 1624 1839 p.
1667 1780 1789 1828 533.

103 1861 271 1910 Verba
310 1859 420 1921 ipsa
458 1857 809 1906 transcribam:
873 1850 972 1904 ‘Ist
1010 1857 1097 1905 das
1138 1857 1275 1905 Meer
1311 1857 1465 1906 leicht
1503 1861 1694 1922 erregt,
1734 1874 1787 1908 so

106 1941 231 1991 wird
269 1957 320 1989 es
360 1939 452 1987 mit
491 1937 582 1987 Oel
620 1937 865 1999 beruhigt.
938 1937 1008 1985 Zu
1048 1937 1233 1986 diesem
1271 1938 1411 1987 Ende
1450 1939 1574 2000 liegt
1611 1939 1788 1989 immer

106 2023 197 2071 auf
230 2022 319 2070 der
358 2020 524 2082 Spitze
571 2020 657 2067 des
695 2017 880 2067 Bootes
928 2017 1007 2066 ein
1045 2017 1243 2067 Haufen
1289 2020 1522 2082 glatter
1560 2019 1786 2079 Kiesel‚

106 2103 208 2151 und
239 2101 465 2150 daneben
497 2100 633 2149 steht
663 2099 744 2147 ein
769 2097 945 2147 Gefass
976 2099 1070 2147 mit
1094 2098 1198 2172 Oel.
1252 2099 1356 2147 Der
1379 2100 1584 2148 Fischer
1612 2100 1788 2149 taucht

106 2182 269 2243 einige
308 2181 397 2229 der
435 2179 603 2228 Steine
649 2178 743 2227 mit
786 2178 876 2226 der
914 2177 1076 2241 Spitze
1122 2179 1174 2227 in
1219 2178 1299 2226 die
1338 2179 1647 2243 Flfissigkeit
1684 2181 1786 2228 und

106 2263 273 2312 wirft
326 2261 413 2310 sie
469 2260 701 2310 einzeln
753 2259 811 2307 in
858 2259 1051 2307 einem
1089 2260 1455 2309 Halbkreise
1502 2277 1595 2308 um
1645 2261 1786 2310 sich.

106 2344 200 2392 Die
225 2343 490 2404 ‘Wirkung
534 2341 603 2388 ist
640 2339 1151 2397 cinewundersame:
1208 2340 1286 2388 die
1323 2340 1617 2389 unmessbar
1654 2341 1786 2390 feine

106 2423 391 2474 Oelschicht
443 2416 608 2487 (cuius
653 2419 932 2469 crassitudo
978 2421 1038 2467 ut
1081 2418 1437 2468 recentissimis
1479 2421 1787 2483 temporibus

106 2507 360 2567 repertum
413 2505 511 2564 est,
564 2498 786 2566 -swJ-WU
808 2513 907 2547 mm
951 2514 1049 2548 non
1096 2493 1331 2565 excedit),
1386 2500 1466 2548 die
1512 2500 1617 2549 sich
1663 2503 1787 2552 fiber

107 2585 332 2633 mehrere
354 2581 762 2641 Quadratklafter
786 2578 1047 2643 ausdehnt,
1070 2580 1228 2629 reicht
1251 2580 1351 2643 hin,
1375 2597 1461 2628 um
1485 2581 1564 2629 die
1587 2581 1787 2632 kleinen

109 2664 306 2714 Wellen
350 2682 410 2712 zu
454 2661 792 2725 besanftigem
846 2659 948 2708 das
994 2661 1165 2723 Auge
1219 2660 1367 2709 wird
1410 2660 1578 2709 nicht
1622 2664 1787 2712 mehr

108 2745 293 2794 durch
333 2744 426 2792 die
459 2744 583 2792 sich
614 2740 992 2791 kreuzenden
1025 2740 1475 2804 Spiegelungen
1505 2738 1784 2803 gestort'.

110 2822 219 2872 Iam
256 2839 374 2873 vero
412 2823 494 2873 vix
531 2822 719 2885 poterit
756 2822 1019 2884 quisquam
1058 2822 1286 2870 dubitare
1315 2822 1449 2885 quin,
1485 2837 1789 2886 quamquam

110 2904 209 2954 olei
238 2904 425 2969 mentio
456 2919 557 2953 non
586 2902 657 2964 fit,
697 2903 903 2952 eandem
934 2903 1039 2952 fere
1070 2902 1178 2965 apri
1207 2901 1533 2965 piscationem
1563 2903 1790 2954 obscuris

198 2993 376 3034 corpuse.
406 2994 439 3026 Ι.
1466 2989 1518 3029 12
