2038 3140
91 124 445 158 FRAGMENTVM
757 135 817 140 —-
899 103 969 155 49
1054 134 1112 139 —

88 241 298 289 coniecit
337 238 572 304 ἀχύρεον,
620 257 766 302 quem
814 243 1014 288 secutus
1059 239 1137 287 hic
1177 239 1375 301 scripsit
1414 237 1498 287 τὸν
1537 237 1777 303 ἀχύρμιον

87 318 254 385 ἄρτον,
273 322 453 370 collato
470 320 612 369 Arat.
630 321 846 370 Diosem.
866 321 970 370 365
992 313 1199 386 (ἄμητος
1215 318 1379 378 κενεὸς
1394 317 1476 368 καὶ
1492 314 1776 385 ἀχυρμιός);

88 403 147 450 cf.
181 405 229 450 E
254 404 356 450 502
400 399 637 466 ἀχυρμιαί
671 403 724 450 in
764 403 934 451 eadem
975 415 1148 451 versus
1188 401 1316 449 sede.
1384 399 1480 448 Sed
1518 399 1777 449 verissime

89 484 189 530 iam
230 482 548 532 Casaubonus
589 480 818 546 ἀχάινον,
867 482 998 544 quod
1037 481 1283 529 Meinekio
1332 496 1527 543 quoque
1573 481 1776 543 placuit,

87 578 173 611 nec
222 563 388 611 obstat
436 562 568 611 Semi
614 562 956 611 testimonium
1003 578 1079 625 ap.
1119 562 1240 611 Ath.
1271 561 1349 609 III
1391 563 1530 611 109f
1573 562 1632 610 de
1672 562 1774 624 pla-

86 643 243 693 centis
290 660 417 706 quae
465 641 662 708 ἀχαΐναι
708 644 1093 706 appellabantur
1139 643 1545 705 Thesmophoriis
1592 643 1773 691 factae:

86 722 179 773 εἰσὶ
219 721 271 773 δὲ
310 722 447 788 ἄρτοι
486 724 709 790 μεγάλοι,
747 721 830 772 καὶ
870 721 1008 788 ἑορτὴ
1045 726 1258 772 καλεῖται
1297 723 1610 788 μεγαλάρτια;
1652 739 1774 786 quae

88 806 383 868 quibusdam
409 823 520 854 cum
552 807 718 854 verbis
745 803 947 870 σμικρὸν
979 810 1223 870 τυροῦντα
1253 821 1298 854 v.
1328 806 1394 852 15
1419 820 1642 867 pugnare
1667 804 1775 852 visa

88 890 217 935 sunt.
272 886 431 935 Immo
457 887 507 934 id
531 887 695 948 ipsum
720 886 781 934 ab
806 886 1110 949 Hegemonis
1134 902 1286 934 uxore
1310 883 1485 943 ἀεικῶς
1509 885 1618 933 fieri
1642 884 1773 932 vide-

85 968 251 1029 batur,
269 969 401 1031 quod
418 968 546 1016 festo
562 968 644 1015 die
661 968 1005 1030 placentarum
1021 982 1317 1029 magnarum
1334 965 1564 1029 exiguam
1577 968 1776 1014 tantum

86 1051 237 1112 atque
282 1052 486 1098 tenuem
533 1049 815 1112 placentam
861 1047 1118 1111 coquebat.
1213 1046 1310 1096 Sed
1358 1063 1421 1095 ne
1467 1044 1589 1094 κατὰ
1636 1039 1775 1095 οἷκον

86 1130 286 1192 quidem
325 1131 670 1192 incorruptum
701 1131 923 1192 videtur;
963 1129 1096 1192 quod
1133 1128 1232 1176 nisi
1261 1129 1360 1176 fuit
1396 1126 1455 1176 τὰ
1493 1123 1598 1176 κατ’
1636 1121 1775 1177 οἶκον

89 1204 186 1276 (sic
218 1205 615 1277 Stadtmueller),
654 1211 868 1260 fortasse
906 1208 1270 1258 restituendum
1308 1211 1385 1257 est
1422 1206 1544 1256 κατὰ
1582 1211 1774 1273 μοῖραν.

86 1285 153 1340 V.
185 1285 262 1340 16
291 1294 546 1340 torserunt
569 1293 867 1354 interpretes
891 1291 1046 1340 verba
1070 1286 1136 1348 ὡς
1160 1289 1339 1352 φιλίων
1363 1285 1532 1354 ὡρμην
1559 1282 1654 1355 (sic
1677 1282 1774 1355 A);

86 1372 346 1435 quaeritur
386 1375 553 1421 utrum
592 1373 872 1421 subiectum
913 1372 979 1420 sit
1016 1372 1124 1433 ipse
1156 1371 1380 1432 Hegemo
1417 1371 1502 1432 qui
1542 1370 1776 1419 cecinerit

87 1469 287 1502 carmen
308 1452 493 1501 Φιλίων
518 1449 644 1516 ὁρμή
670 1452 752 1501 vel
775 1452 925 1500 simili
948 1452 1146 1500 nomine
1171 1451 1506 1514 significatum
1530 1466 1594 1499 an
1610 1450 1772 1499 Philio

86 1534 287 1596 quidam
319 1537 370 1583 et
399 1534 506 1596 ipse
531 1533 746 1582 Thasius
772 1535 822 1582 et
845 1533 1137 1595 rhapsodus.
1199 1532 1298 1581 Sed
1329 1531 1606 1581 necessario
1633 1533 1774 1580 uxori

86 1615 390 1678 Hegemonis
430 1615 699 1678 opponitur
736 1615 800 1663 ab
831 1614 1036 1663 Achivis
1069 1614 1177 1676 ipse
1207 1613 1446 1677 Hegemo,
1485 1613 1570 1676 qui
1602 1629 1772 1675 quam-

87 1711 238 1758 quam
276 1697 641 1759 quinquaginta
671 1695 934 1744 drachmas
967 1695 1169 1757 ceperit,
1208 1696 1377 1743 tamen
1409 1695 1671 1757 coniugem
1701 1695 1774 1742 in-

86 1776 201 1838 opia
231 1778 390 1839 premi
422 1777 568 1825 sinat.
631 1776 918 1825 Sententiae
944 1775 1247 1839 languidiori
1271 1791 1506 1826 versuum
1533 1777 1599 1824 16
1627 1777 1678 1823 et
1704 1778 1769 1824 17

84 1873 264 1907 nervos
297 1858 490 1906 addidit
514 1857 933 1906 Stadtmuellerus
966 1857 1187 1906 scribens
1219 1863 1347 1917 πῶς;
1388 1859 1440 1906 et
1465 1858 1580 1919 post
1603 1853 1771 1919 ἐπέψω

86 1939 270 1987 rectius
317 1940 698 2002 interpungens;
753 1938 814 1987 de
859 1938 1115 1987 vocabulis
1163 1937 1342 2000 φιλίων
1389 1934 1560 2003 ὧρμην
1600 1953 1770 1986 omnes

86 2020 368 2082 desperant.
428 2013 498 2070 V.
533 2014 628 2070 20.
670 2019 854 2068 Verbis
887 2017 1026 2068 δεινὰ
1047 2023 1287 2069 παθοῦσα
1309 2019 1534 2083 Hegemo
1566 2018 1773 2082 attingit

85 2101 248 2150 locum
271 2101 444 2149 Iliadis
471 2100 526 2148 X
545 2102 650 2150 431
685 2097 874 2163 τέκνον,
894 2097 1005 2166 ,ἐγὼ
1038 2099 1191 2163 δειλή·
1231 2100 1281 2149 τί
1305 2118 1368 2149 νυ
1400 2099 1597 2164 βείομαι
1634 2097 1772 2148 αἰνὰ

86 2184 340 2242 παθοῦσα,
379 2181 439 2228 de
474 2180 614 2229 cuius
642 2180 856 2229 lectione
886 2180 1091 2229 minime
1127 2182 1338 2241 constat,
1374 2179 1672 2242 praesertim
1709 2179 1771 2228 de

85 2261 247 2310 forma
283 2260 476 2325 βείομαι
517 2253 639 2327 (βὲω
678 2260 759 2308 Et.
801 2259 926 2310 Gud.
964 2263 1083 2324 109,
1125 2254 1236 2327 27),
1274 2261 1371 2309 etsi
1409 2258 1525 2309 αἰνὰ
1563 2260 1627 2310 ab
1667 2276 1770 2309 om-

86 2341 246 2390 nibus
272 2341 548 2390 editoribus
578 2343 794 2390 tenetur.
854 2341 988 2390 Num
1022 2340 1141 2404 quid
1171 2342 1280 2391 veri
1307 2343 1523 2392 fortasse
1551 2341 1771 2406 parodus

87 2421 340 2472 servavit?
394 2421 469 2470 De
501 2423 791 2486 cognomine
834 2423 978 2486 Φακῆ
1017 2421 1129 2472 vide
1175 2438 1328 2486 supra
1371 2441 1420 2486 p.
1458 2425 1526 2473 36
1545 2439 1618 2487 sq.
1694 2423 1769 2471 De

0 2539 6 2579 L
88 2503 293 2552 elisione
331 2503 631 2566 diphthongi
668 2521 712 2552 ει
748 2504 802 2552 in
838 2498 954 2568 1⁰54?
989 2501 1059 2562 εἰς
1088 2503 1385 2554 Eustathius
1417 2521 1464 2567 p.
1493 2505 1651 2567 1239,
1675 2506 1768 2553 26:

0 2583 3 2625 ἰ
88 2580 246 2632 ἰστέον
286 2578 330 2632 δ’
368 2582 457 2647 ὅτι,
496 2582 656 2649 ὥσπερ
694 2579 728 2647 ἡ
767 2582 820 2632 ὦ
857 2583 1134 2650 δίφθογγος
1172 2583 1449 2650 ἐκθλίβεται
1487 2582 1571 2634 διὰ
1606 2587 1770 2633 καλλι-

87 2663 311 2726 φωνίαν,
365 2662 492 2714 οὕτω
539 2662 623 2713 καῖ
657 2660 691 2729 ἡ
730 2663 775 2714 ἒῖ
821 2665 1099 2732 δίφθογγος
1144 2663 1198 2715 ἐν
1243 2668 1309 2736 τῷ
1356 2663 1495 2715 δεινὰ
1531 2669 1770 2715 παθοῦσα

88 2751 226 2809 φακῆ
263 2745 502 2811 βδελυρή,
546 2740 662 2811 χώρ’
698 2744 766 2805 εἰς
803 2744 889 2796 τὸν
925 2744 1112 2814 ἀγῶνα,
1148 2743 1308 2814 ἤγουν
1345 2743 1604 2812 ἆγῳνίζου.
1671 2745 1771 2796 Sed

89 2826 272 2875 rectius
290 2841 403 2875 cum
419 2826 642 2876 Nauckio
666 2825 811 2891 χώρει
827 2820 873 2886 ’ς
896 2827 1131 2877 scribitur
1153 2821 1292 2895 (vide
1307 2826 1545 2876 Philol.V
1560 2821 1768 2894 p.696).

177 2995 355 3035 Gon-nuso.
384 2996 418 3029 Ι.
1475 2993 1504 3033 4
