2038 3140
144 118 463 153 FRAGMENTA
787 130 847 137 —
934 100 1032 152 101
1118 131 1179 136 —

144 233 226 283 καὶ
257 234 465 298 φαύλων
497 232 678 300 ὀλίγα.
730 236 787 283 Id
813 236 944 297 quod
969 236 1020 283 in
1044 236 1257 284 verbosa,
1281 237 1427 284 huius
1453 236 1627 298 parodi
1653 237 1829 297 loqua-

145 318 296 365 citate
333 317 616 364 mirandum
655 333 752 364 non
794 321 886 366 est.

256 396 482 445 Alterius
521 398 789 461 fragmenti
829 400 1066 460 quattuor
1103 413 1277 446 versus
1328 399 1412 460 qui
1452 398 1512 445 ad
1552 398 1695 445 ludos
1735 413 1826 459 pu-

143 478 301 526 blicos
325 478 376 524 in
399 478 770 539 amphitheatro
795 482 931 527 actos
958 482 1183 540 spectare
1201 479 1443 539 videntur,
1468 495 1589 526 num
1609 477 1829 526 eiusdem

145 559 246 606 sint
282 558 458 620 parodi
497 575 589 621 ego
623 575 734 607 cum
763 559 1141 607 Wachsmuthio
1174 561 1225 607 in
1258 559 1407 608 dubio
1439 560 1680 621 relinquo,
1720 572 1828 606 esse

143 642 311 687 tamen
349 639 767 688 verisimillimum
806 641 1020 688 libenter
1059 641 1284 689 concedo.

901 783 1034 835 VIII
1046 802 1076 835 a

807 898 1163 932 FRAGMENTVM

217 972 430 1043 ἅρματα
471 970 520 1025 δ’
558 974 752 1027 ἄλλοτε
791 972 891 1043 μὲν
930 973 1099 1043 χθονὶ
1138 976 1368 1027 πίλνατο
1400 974 1828 1041 πουλοβοτείρῃ,

142 1061 335 1114 ἄλλοτε
376 1056 426 1113 δ’
464 1060 684 1126 ἆίξασκε
723 1064 986 1132 μετήορα·
1025 1061 1111 1115 τοὶ
1153 1060 1213 1115 δὲ
1251 1060 1448 1116 θεαταὶ

141 1150 349 1212 θώκοις
388 1148 449 1202 έν
489 1152 775 1220 σφετέροις
814 1146 959 1206 οὔθ’,
982 1150 1218 1204 ἔστασαν
1259 1147 1390 1203 οὐδὲ
1428 1150 1676 1216 κάθηντο

142 1235 346 1307 χλωροὶ
386 1236 521 1290 ὑπαὶ
563 1239 747 1301 δείους
785 1238 1180 1308 πεφοβημένοι,
1225 1240 1282 1292 οἷ
1319 1236 1368 1291 δ’
1407 1238 1513 1291 ὑπὸ
1552 1238 1736 1305 νείκης

88 1335 115 1375 5
147 1325 440 1394 ἀλλήλοισί
473 1346 531 1379 τε
569 1329 890 1395 κεκλόμενοι
928 1326 1019 1380 καὶ
1057 1336 1190 1380 πᾶσι
1228 1332 1414 1380 θεοῖσι

142 1423 328 1485 χεῖρας
367 1415 686 1483 ἀνίσχοντες
725 1411 915 1484 μεγάλ’
953 1416 1289 1485 εὐχετόωντο
1329 1415 1562 1468 ἕκαστοι.

638 1553 838 1586 HOMERI
876 1554 1108 1587 DETORTI
1146 1552 1336 1587 VERSVS

175 1624 197 1662 1
218 1633 319 1675 sqq.
352 1618 537 1676 ἅρματα
568 1617 615 1663 δ’
648 1619 808 1663 ἄλλοτε
841 1618 926 1677 μὲν
958 1619 1101 1676 χθονὶ
1131 1621 1326 1663 πίλνατο
1358 1618 1709 1676 πουλυβοτείρῃ,

353 1684 511 1729 ἄλλοτε
545 1682 593 1728 δ’
621 1685 813 1739 ἀίξασκε
846 1684 1068 1742 μετήορα·
1104 1685 1177 1729 τοὶ
1208 1683 1254 1729 δ’
1284 1681 1500 1741 ἐλατῆρες

352 1749 551 1796 ἕστασαν
585 1747 638 1796 έν
670 1753 879 1809 δίφροισι
924 1754 975 1795 Ψ
994 1756 1079 1796 368
1099 1766 1198 1808 sqq.

291 1824 319 1862 4
351 1817 520 1875 χλωροὶ
550 1817 668 1862 ὑπαὶ
698 1820 853 1869 δείους
881 1815 1205 1878 πεφοβημένοι
1248 1817 1333 1860 04

202 1889 229 1927 5
247 1899 312 1940 sq.
346 1883 587 1939 ἀλλήλοισί
611 1901 660 1928 τε
692 1883 963 1942 κεκλόμενοι
995 1884 1076 1928 καὶ
1107 1890 1222 1927 πᾶσι
1252 1886 1409 1928 θεοῖσι

349 1956 510 2008 χεῖρας
541 1951 811 2007 ἀνίσχοντες
841 1949 1002 2008 μεγάλ’
1032 1948 1312 2007 εὐχετόωντο
1347 1948 1537 2000 ἕκαστος
1578 1949 1720 1992 Θ346
1738 1959 1805 2000 sq.

810 2068 1185 2111 TESTIMONIVM*

252 2156 347 2204 Dio
372 2154 760 2219 Chrysostomus
785 2159 910 2204 orat.
935 2155 1126 2203 XXXII
1151 2157 1216 2204 81
1243 2172 1298 2217 p„
1323 2156 1426 2204 693
1452 2155 1651 2205 Reiske:
1685 2152 1828 2218 ’ὑμῶν

144 2232 191 2285 δ’
228 2234 392 2294 οὐδεὶς
430 2233 484 2284 ἐν
522 2242 578 2304 τῇ
610 2238 707 2305 θεᾷ
737 2233 1057 2300 καθέστηκεν,
1095 2234 1218 2285 ἀλλὰ
1247 2235 1375 2285 πολὺ
1407 2240 1591 2300 μᾶλλον
1621 2233 1828 2284 πέτεσθε

141 2324 240 2366 τῶν
264 2316 429 2365 ἵππων
453 2313 536 2365 καὶ
558 2324 656 2366 τῶν
679 2312 895 2381 ἡνιόχων
918 2314 1001 2365 καὶ
1022 2316 1222 2382 γελοίως
1246 2314 1469 2367 ἐλαύνετε
1491 2314 1575 2366 καὶ
1589 2313 1827 2380 ἡνιοχεῖτε

141 2395 225 2447 καὶ
263 2397 459 2447 διώκετε
496 2395 580 2446 καὶ
617 2393 820 2463 ἡγεῖσθε
862 2395 945 2446 καὶ
982 2398 1188 2447 πίπτετε.
1263 2406 1525 2464 τοιγαροῦν
1565 2396 1626 2448 οὐ
1664 2405 1827 2457 κακῶς

141 2497 213 2537 τις
249 2478 547 2543 παρεποίησε
585 2485 684 2526 τῶν
722 2485 923 2544 σαπρῶν
961 2477 1147 2528 τούτων
1184 2487 1425 2543 ποιητῶν·
1465 2479 1727 2545 «ἅρματα
1754 2504 1824 2512 -

141 2556 405 2608 ἄνακτι».
464 2566 616 2608 ταῦτα
654 2555 744 2623 μὲν
781 2557 900 2623 ὑμῖν
938 2557 1035 2608 ἀπὸ
1074 2563 1269 2609 πολλῶν
1305 2558 1386 2609 καὶ
1425 2559 1633 2629 φαύλων
1671 2555 1826 2625 ὀλίγα,

142 2637 284 2700 ὅπως
316 2638 383 2705 μή
423 2639 568 2705 μόνοι
607 2639 780 2704 δοπνῆτε
819 2635 948 2690 εἶναι
984 2645 1179 2707 γελοῖοι.

705 2773 959 2808 VARm'rAs
996 2774 1270 2809 LEOTIONIS

258 2851 289 2892 4
329 2844 379 2892 οῖ
412 2845 460 2892 δ’
502 2846 727 2892 Urbinas:
774 2843 879 2891 οὐδ’
914 2847 1080 2904 ceteri,
1118 2845 1199 2904 ἠδ’
1235 2846 1406 2892 Selden
1522 2848 1679 2904 νείκης
1709 2859 1823 2891 corr.

141 2911 454 2958 Wachsmuth
482 2927 568 2971 pro
598 2914 733 2970 νίκης
