2038 3140
619 708 1007 771 ATTIKON
1052 709 1449 771 AEIHNON

185 837 403 890 Δεῖπνά
428 857 522 906 μοι
548 839 756 906 ἔννεπε,
791 841 1016 907 Μοῦσα,
1044 838 1370 909 πολύτροφα
1393 837 1484 892 καὶ
1509 839 1652 907 μάλα
1676 835 1869 906 πολλά,

184 924 218 977 ἃ
257 926 532 994 Ξενοκλῆς
572 925 754 996 ρ”ήτωρ
796 928 852 979 ἐν
887 924 1151 994 Ἀθήναις
1191 928 1470 979 δείπνισεν
1508 927 1671 996 ἡμᾶς·

183 1010 365 1081 ἦλθον
404 1015 509 1084 γὰρ
548 1013 788 1082 κάκεῖσε,
828 1016 1002 1077 πολὺς
1042 1013 1108 1067 δέ
1143 1035 1237 1083 μοι
1276 1014 1468 1068 ἕσπετο
1509 1017 1679 1084 λιμός.

184 1098 251 1155 οὗ
293 1103 360 1170 δὴ
400 1105 727 1165 καλλίστους
766 1104 967 1173 ἄρτους
1007 1105 1132 1156 ι”δον
1173 1100 1270 1170 ἠδὲ
1310 1106 1627 1172 μεγίστους,

184 1190 542 1261 λευκοτέρους
580 1194 793 1260 χιόνος,
835 1193 1026 1244 ε”σθειν
1067 1188 1117 1243 δ’
1155 1191 1448 1260 ἀμύλοισιν
1488 1191 1740 1261 ὁμοίους,
1781 1230 1792 1242 .
1820 1230 1832 1243 .
1858 1232 1869 1244 .

182 1279 329 1332 τάων
367 1277 459 1332 καὶ
493 1278 751 1350 Δρομέης
788 1279 1066 1349 ἠράσσατο
1106 1280 1514 1349 πεσσομενάων.

183 1367 348 1431 αὐτὸς
388 1364 448 1420 δὲ
488 1367 763 1437 Ξενοκλῆς
803 1367 1131 1422 ἐπεπωλεῖτο
1171 1370 1359 1438 στίχας
1398 1368 1646 1437 ἀνδρῶν,

677 1549 877 1582 HOMERI
914 1549 1145 1582 DETORTI
1183 1549 1377 1584 VERSVS

217 1635 239 1673 1
267 1627 434 1687 ’Άνδρα
466 1647 544 1687 μοι
578 1628 764 1686 ἔννεπε,
795 1634 990 1686 Μοῦσα,
1022 1631 1337 1688 πολύτροπον,
1376 1629 1425 1682 ὃς
1457 1629 1580 1687 μάλα
1609 1628 1755 1674 πολλά
1787 1646 1818 1672 α
1846 1636 1866 1674 1

213 1700 238 1739 3
271 1690 423 1751 ἦλθον
455 1695 543 1753 ’γὰρ
576 1696 673 1739 καὶ
704 1701 881 1751 κεῖσε,
913 1697 1055 1748 πολὺς
1087 1695 1140 1741 δέ
1173 1714 1250 1754 μοι
1283 1696 1445 1741 ἕσπετο
1478 1694 1586 1747 λαός
1618 1698 1751 1749 ζ164

211 1767 240 1806 4
271 1769 352 1806 τοῦ
387 1762 445 1818 δὴ
479 1764 748 1814 καλλίστους
779 1764 950 1814 ἵππους
982 1765 1085 1808 ἴδον
1117 1762 1201 1820 ἠδὲ
1235 1765 1493 1821 μεγίστους·

216 1833 242 1873 5
275 1827 541 1886 λευκότεροι
571 1827 748 1886 χιόνος,
779 1831 933 1874 θείειν
966 1827 1012 1874 δ’
1041 1828 1283 1886 ἀνέμοισιν
1316 1829 1468 1886 ὁμοῖοι
1498 1832 1544 1872 Κ
1564 1834 1649 1873 436
1668 1842 1734 1884 sq.

212 1900 238 1940 6
269 1894 396 1940 τάων
428 1894 510 1939 καὶ
541 1893 716 1952 Βορέης
746 1894 980 1953 ἠράσσατο
1014 1894 1343 1955 βοσκομενάων
1380 1897 1421 1938 Τ
1440 1899 1525 1939 223

213 1966 237 2005 7
271 1961 411 2011 αὐτὸς
443 1958 495 2004 δὲ
528 1961 678 2011 κτίλος
711 1958 772 2011 ὣς
803 1956 1102 2005 ἐπιπωλεῖται
1134 1963 1290 2018 στίχας
1321 1962 1508 2018 ἀνδρῶν
1541 1963 1585 2005 Γ
1604 1965 1689 2005 196

270 2025 419 2083 αὐτὰρ
452 2025 477 2069 ὁ
508 2025 644 2079 πεζὸς
677 2021 766 2071 ε’ὼν
799 2022 1078 2071 ἐπεπωλεῖτο
1112 2029 1269 2085 στίχας
1299 2029 1487 2086 ἀνδρῶν
1518 2031 1560 2071 Δ
1584 2032 1668 2072 231

847 2202 1202 2239 TESTIMONIVM

291 2289 412 2339 Ath.
443 2290 517 2338 IV
551 2290 719 2339 134d:
761 2284 977 2339 Ἀττικὸν
1017 2287 1070 2339 δὲ
1109 2291 1313 2340 δεῖπνον
1353 2288 1445 2340 οὐκ
1483 2288 1719 2355 ἀχαρίτως
1761 2290 1867 2338 δια-

184 2368 366 2434 γράφει
402 2369 629 2435 Μάτρων
668 2367 694 2418 ὁ
732 2369 986 2440 παρῳδός,
1033 2370 1150 2436 ὅπερ
1197 2370 1280 2420 διὰ
1324 2369 1376 2419 τὸ
1424 2370 1634 2421 σπάνιον
1673 2369 1765 2420 οὐκ
1803 2389 1867 2418 αν

185 2445 448 2513 ὀκνήσαιμι
486 2447 622 2514 υμῖν,
661 2446 839 2514 ἄνδρες
877 2450 1030 2515 φίλοι,
1070 2448 1096 2500 ὅ
1135 2450 1452 2516 Πλούταρχος
1490 2449 1604 2515 ἔφη,
1643 2449 1868 2547 ἀπομνη-

182 2535 420 2594 μονεῦσαι
458 2531 723 2579 «Δεῖπνα
757 2556 820 2564 -
858 2527 1109 2596 ὄρνιθας
1148 2530 1270 2591 ὥς».

741 2714 897 2748 VARIE
903 2715 997 2749 TAS
1035 2716 1306 2750 LECTIONIS

300 2795 355 2839 In
377 2794 648 2840 testimonio
666 2795 896 2854 ἀχαρίτως
910 2795 1148 2841 Meineke:
1174 2797 1432 2854 ἀχαρίστως
1448 2796 1493 2841 Α
1507 2795 1546 2841 0
1632 2799 1659 2854 5
1683 2791 1865 2841 ἐσθίειν

180 2860 294 2916 ΑΟ,
341 2873 456 2905 corr.
497 2861 713 2905 Musurus
819 2861 1003 2906 hiatum
1040 2861 1225 2906 notavit
1262 2861 1433 2906 Kaibel
1583 2867 1609 2905 6
1648 2859 1865 2918 Δρομέης

179 2925 514 2971 Wachsmuth:
547 2924 722 2984 Βορέης
751 2926 858 2984 ΑΟ,
889 2925 1064 2985 ’γαστὴρ
1095 2927 1311 2973 Meineke
1345 2927 1449 2973 coll.
1483 2927 1537 2973 fr.
1570 2926 1614 2970 ΙΙ
1645 2932 1672 2971 6
