2038 3140
140 124 407 161 noMEch
805 136 867 144 —-
953 106 1021 159 15
1103 136 1164 143 —-

143 237 265 304 [οὓς
302 236 507 306 γαλέην
550 239 829 309 δείραντες
868 236 1238 307 ἐπισταμένως
1277 237 1582 306 ἐποιήσαν.]
1858 251 1921 283 105

147 323 309 388 ἀσπὶς
349 321 507 394 δέἧν
546 328 755 396 λύχνου
794 328 855 381 τὸ
896 328 1279 395 μεσόμφαλον·
1330 326 1392 379 αἱ
1427 324 1493 379 δέ
1528 346 1598 378 νυ
1639 327 1829 395 λόγχαι

30 431 115 470 130
146 414 400 482 εὐμήκεις
440 416 688 483 βελόναι,
728 416 1074 485 παγχάλκεον
1114 414 1272 484 ἕρκος
1295 413 1519 486 Ἄρηος·

143 502 175 570 ἡ
219 499 280 554 δὲ
319 505 488 573 κόρυς
525 504 587 556 τὸ
626 502 869 574 λέπυρον
910 502 996 557 ἐπὶ
1034 504 1341 573 κροτάφοις
1379 505 1626 574 καρύοιο.

195 585 382 643 Ὀὕτω
422 588 523 661 μὲν
563 593 696 660 μύες
733 589 876 660 ἦσαν
918 591 978 645 ἐν
1019 592 1231 654 ὅπλοις·
1273 592 1346 655 ὡς
1386 587 1436 645 δ’
1474 591 1712 660 ἐνόησαν

142 679 431 748 βάτραχοι,
474 679 812 744 ἑξανέδυσαν
850 678 948 749 ἀφ’
985 681 1213 748 ὕδατος,
1255 682 1332 743 εἰς
1373 678 1423 733 δ’
1462 680 1559 734 ἕνα
1599 690 1782 750 χῶρον
1857 691 1924 721 110

144 765 404 830 ἐλθόντες
442 770 655 837 βουλὴν
695 769 936 837 ξύναγον
974 767 1236 838 πολέμοιο
1276 778 1482 822 κακοῖο.

27 871 111 912 135
147 855 554 925 [σκεπτομένων
572 854 622 909 δ’
647 857 848 925 αὐτῶν,
872 859 1052 910 πόθεν
1068 856 1102 925 ἡ
1128 857 1317 919 στάσις
1339 857 1372 925 ἢ
1397 859 1479 920 τίς
1496 857 1525 910 ὁ
1543 857 1830 926 θρύλλος,]

142 944 312 1015 κῆρυξ
338 942 468 1013 <δ’>
496 944 737 1013 ἐγγύθεν
760 942 919 1013 ἦλθε,
953 943 1142 1015 φέρων
1167 952 1446 1014 σκῆπτρον
1470 947 1602 1014 μετὰ
1625 947 1831 1014 χερσίν,

152 1034 524 1102 Τυρογλύφου
563 1034 684 1097 υἱὸς
723 1035 1111 1104 μεγαλήτορος,
1146 1031 1595 1103 Ἐμβασίχυτρος,

146 1119 422 1189 ἀγγελέων
461 1120 725 1191 πολέμοιο
764 1123 939 1190 κακὴν
979 1124 1124 1192 ἔριν,
1165 1117 1286 1176 εἶπέ
1319 1142 1376 1176 τε
1417 1127 1626 1191 μῦθον·
1859 1133 1924 1164 115

690 1304 888 1337 HOMERI
926 1303 1047 1337 LOCI
1086 1303 1285 1336 SIMILES

149 1372 233 1410 130
269 1364 401 1424 ἕρκος
436 1366 543 1424 ἔμεν
575 1369 795 1426 πολέμοιο
828 1375 869 1412 Δ
894 1375 979 1414 299
1044 1367 1181 1426 ἔργον
1207 1367 1396 1426 Ἄρηος*
1428 1373 1467 1412 Λ
1497 1374 1582 1414 734

146 1440 229 1479 131
264 1436 394 1489 τεῦξε
428 1434 480 1479 δέ
515 1433 563 1479 οἷ
590 1434 776 1492 κόρυθα
810 1435 1007 1494 βριαρὴν
1041 1434 1296 1492 κροτάφοις
1329 1437 1562 1494 ἀραρυῖαν
1594 1439 1640 1479 Σ
1660 1441 1743 1481 611

266 1501 346 1545 καὶ
377 1500 520 1558 κυνέη
552 1501 819 1559 πάγχαλκος
852 1498 928 1546 ἐπὶ
960 1499 1214 1558 κροτάφοις
1247 1501 1452 1558 ἀραρυῖα
1484 1516 1510 1545 σ
1534 1507 1619 1546 378

151 1573 235 1613 133
269 1567 314 1613 οἳ
346 1566 391 1612 δ’
422 1567 496 1613 ὅτε
530 1567 590 1623 δή
622 1565 666 1626 ῥ’
695 1564 742 1619 ἐς
772 1575 922 1625 χῶρον
956 1565 1039 1612 ἕνα
1072 1566 1310 1622 ξυνιόντες
1342 1569 1498 1612 ἵκοντο
1532 1573 1574 1611 Δ
1600 1574 1685 1614 446

149 1640 236 1679 134
267 1634 487 1691 πολέμοιο
519 1634 721 1679 κακοῖο*
751 1639 788 1677 A
814 1638 901 1678 284

156 1698 240 1738 135
270 1696 340 1745 τίς
371 1696 496 1750 δαίς,
530 1696 598 1746 τίς
629 1692 681 1738 δὲ
714 1691 871 1751 ὅμιλος
902 1690 976 1737 ὅδ’
1006 1691 1187 1748 ἔπλετο;
1221 1709 1252 1736 α
1275 1697 1361 1738 225

152 1764 236 1804 136
270 1761 414 1817 κῆρυξ
447 1757 494 1804 δ’
524 1757 726 1818 ἐγγύθεν
757 1754 938 1815 ἦλθεν*
968 1761 1008 1803 θ
1032 1764 1086 1804 62

265 1826 380 1883 μετὰ
411 1828 567 1884 χερσίν
599 1829 640 1870 Ε
665 1831 752 1870 344

150 1896 235 1937 138
267 1892 419 1949 κακὴν
453 1891 586 1950 ἔριδα
614 1891 936 1950 προφέρονται
968 1894 1012 1934 Γ
1033 1897 1056 1936 7

269 1956 367 2014 ἔριν
400 1955 516 2017 ὦρσε
549 1957 700 2014 κακήν
732 1975 759 2016 γ
787 1963 869 2003 161

268 2023 521 2082 αἰνοτάτην
555 2023 688 2083 ἔριδα
718 2022 964 2082 πτολέμοιο
996 2024 1042 2071 Ξ
1061 2029 1147 2070 389

266 2090 406 2148 τόσση
438 2090 529 2149 γὰρ
562 2089 656 2147 ἔρις
684 2089 905 2148 πολέμοιο
937 2088 1106 2148 δέδηεν
1140 2094 1284 2136 Ρ253

150 2161 236 2202 138
269 2154 371 2201 εἶπέ
402 2172 451 2201 τε
483 2157 670 2213 μῦθον*
703 2160 752 2200 Η
772 2162 857 2202 277

710 2324 966 2359 VARIETAS
1004 2324 1276 2359 LECTIONIS

270 2397 354 2437 128
396 2391 505 2437 incl.
538 2390 738 2436 Althaus
822 2387 1074 2450 ἐποίησαν]
1110 2387 1349 2449 ἕφόρησαν
1380 2393 1424 2436 L
1571 2396 1654 2436 1-29
1694 2390 1741 2436 δ’
1777 2387 1838 2448 ἦν

149 2458 307 2510 αὐτοῖς
322 2458 493 2515 λύχνου
510 2457 554 2501 L
625 2455 890 2516 αἷ-λόγχη
914 2457 1096 2515 scripsi,
1121 2457 1373 2516 ἡ--λόγχη
1392 2458 1491 2503 LV
1592 2462 1677 2503 130
1701 2456 1838 2516 ἕρκος

150 2522 339 2581 scripsi:
381 2522 517 2581 ἔργον
547 2524 647 2568 LV
764 2529 845 2570 131
879 2523 1110 2583 λέπυρρον
1141 2525 1187 2569 L
1259 2523 1538 2582 κροτάφοισι
1568 2525 1747 2582 καρύου
1777 2525 1835 2580 L,

149 2589 350 2634 correxit
386 2589 540 2647 Ilgen:
587 2588 843 2647 κροτάφοις
880 2588 1131 2651 ἐρεβίνθου
1162 2591 1205 2635 V
1281 2591 1483 2636 fortasse
1521 2590 1603 2635 καὶ
1640 2590 1835 2647 καρύοιο

149 2654 351 2714 λέπυρον
383 2651 461 2701 ἐπὶ
491 2655 799 2713 κροτάφοισιν
829 2657 996 2716 ἀρήρει
1117 2661 1200 2702 132
1236 2655 1371 2702 Οὕτω
1402 2663 1515 2715 μῦες
1540 2657 1588 2701 L
1648 2653 1836 2700 ἔνοπλοι

148 2721 265 2778 LV,
308 2734 422 2767 corr.
453 2722 590 2768 Wolf
705 2728 791 2768 134
822 2723 1026 2782 σύναγον
1065 2724 1111 2770 V
1226 2726 1311 2768 135
1349 2721 1380 2779 ἢ
1418 2724 1487 2774 τίς
1524 2721 1551 2767 ὁ
1590 2724 1743 2778 μῶθος
1781 2722 1836 2777 V,

150 2788 276 2844 quod
303 2787 511 2846 praefert
542 2789 698 2846 Bergk
727 2788 806 2835 Gr.
838 2789 910 2834 lit.
941 2789 1051 2834 hist.
1082 2789 1106 2834 I
1134 2805 1179 2847 p.
1205 2794 1292 2836 773
1322 2788 1432 2834 adn.
1466 2793 1521 2833 79
1667 2793 1751 2833 136
1784 2785 1831 2832 δ’

149 2853 327 2899 inserui
386 2855 641 2914 σκῆπτρον]
665 2852 844 2916 ῥάβδον
871 2857 916 2900 V
971 2857 1106 2915 χερσί
1121 2856 1168 2900 L
1274 2859 1360 2900 138
1383 2852 1615 2912 ἀγγελέων
1646 2852 1836 2911 scripsi:

152 2918 358 2978 ἀγγέλων
388 2921 448 2977 L,
478 2919 710 2979 ἀγγέλλων
747 2923 793 2967 V
848 2921 1000 2978 κακὴν
1031 2921 1176 2979 φάτιν
1208 2918 1310 2966 εἶπέ
1340 2937 1389 2965 τε
1416 2924 1522 2965 τοῖα
1559 2921 1605 2966 V
