2038 3140
912 141 1316 194 -228—

388 273 500 318 ibid.
537 287 640 329 app.
678 271 779 315 erit.
813 287 855 314 v.
890 277 917 314 4
951 270 1124 314 scribe:
1170 268 1370 326 (πόρνης
1402 270 1533 327 libri,
1566 273 1692 327 quod
1724 287 1846 317 nunc
1879 275 1957 319 de-

271 340 431 394 fendo,
482 354 586 382 cum
624 337 800 394 πόρνης
848 337 1026 392 pariter
1068 341 1344 393 usurpatum
1383 337 1446 380 sit
1486 340 1626 394 atque
1667 339 1841 397 πόρνος
1880 341 1956 396 (cf.

270 407 499 463 Epicurus
533 405 585 447 fr.
621 410 707 447 236
741 419 787 459 p.
827 409 932 457 175,
971 408 1022 447 18
1055 403 1191 447 Usen.
1227 417 1300 458 ap.
1333 402 1485 447 Laert.
1520 404 1652 461 Diog.
1685 406 1727 448 X
1760 411 1785 450 8
1819 406 1959 458 αὐτὸς

270 470 635 530 <Ναυσιφάνη>
662 467 817 514 ἐκάλει
843 470 1094 514 ἀπατεῶνα
1127 470 1207 514 καὶ
1239 468 1443 527 πόρνην
1477 473 1524 513 et
1548 471 1758 528 Xenoph.
1788 471 1958 528 Ephes.

274 540 316 581 H
345 545 364 582 1
394 554 438 594 p.
467 542 549 581 347
576 537 743 581 Hereh.
777 536 859 579 ubi
885 536 1201 580 Habroeomes
1228 535 1455 591 queritur:
1489 538 1556 586 τίς
1581 533 1682 593 ἐμοὶ
1710 539 1807 596 βίος
1830 555 1960 595 περι-

270 607 477 650 λείπεται
514 602 663 660 πόρνῃ
708 601 791 659 μὲν
834 602 938 646 ἀντὶ
973 602 1144 659 ἀνδρὸς
1185 600 1458 662 γενομένφ);
1514 603 1808 647 Ludwichius
1849 605 1879 647 l.
1921 619 1955 650 S.

269 687 312 728 p.
352 676 462 715 1639
503 668 679 725 πόρνης
720 669 989 726 genetivum
1030 682 1129 711 esse
1175 667 1326 712 voluit
1357 669 1638 724 pendentem
1672 684 1699 712 a
1729 685 1770 714 v.
1805 672 1958 726 λίχνος

270 737 339 793 (ut
373 736 491 779 dixit
523 735 776 779 Menander
803 749 876 791 ap.
905 735 1031 779 Stob.
1060 735 1179 778 Flor.
1202 734 1397 778 LXXIV
1423 740 1476 779 27
1489 748 1529 790 a,
1562 750 1605 791 p.
1633 740 1709 787 56,
1747 741 1800 779 14
1831 736 1881 780 τὸ
1908 734 1953 780 δ’

268 803 409 860 ἄρσεν
438 802 513 846 ἀεὶ
544 809 624 845 τοῦ
659 799 980 858 κεκρυμμένου
1013 802 1232 857 λίχνον)’.

387 886 429 926 p.
461 874 541 913 199
574 869 628 913 fr.
656 868 696 911 V
725 885 856 912 comt.
885 869 934 911 in
957 869 1047 913 fine
1081 869 1223 912 adde:
1260 867 1355 910 ‘De
1387 867 1459 910 his
1493 870 1540 910 et
1572 868 1624 912 fr.
1646 868 1710 911 Vl
1741 882 1798 912 ex
1821 870 1956 924 parte

269 934 407 979 aliter
446 949 568 978 nunc
608 934 787 978 iudicat
825 934 1032 978 Hillerus
1065 932 1358 978 Fleckeiseni
1398 947 1501 977 ann.
1539 938 1650 979 1886
1691 950 1734 991 p.
1769 939 1854 978 249
1874 949 1956 991 sq„

269 1001 344 1044 eui
384 1000 653 1056 obloquitur
686 1001 907 1044 Sitzlerus
942 1001 971 1044 l.
1006 1016 1062 1055 s.‚
1112 998 1191 1056 qui
1231 1000 1331 1056 ipse
1366 1014 1538 1043 novam
1578 1001 1698 1045 hanc
1738 1001 1960 1058 proponit

268 1065 503 1109 rationem
543 1069 595 1109 ut
634 1066 845 1122 legamus
888 1067 1014 1123 apud
1056 1066 1343 1111 Clementem
1375 1067 1404 1110 l.
1440 1081 1472 1110 s.
1513 1068 1649 1124 πρὸς
1689 1064 1734 1111 δ’
1773 1066 1838 1112 ἔτι
1877 1071 1955 1125 (se.

270 1135 408 1189 φησί)
451 1131 780 1190 «συνέμποροί
815 1131 903 1176 εἰσι
946 1132 1171 1191 φιλύβρι»
1212 1132 1328 1177 haec
1367 1133 1512 1176 verba
1551 1134 1611 1177 ad
1642 1134 1959 1190 fragmentum

269 1199 530 1256 elegiacum
562 1201 774 1255 spectare
807 1200 935 1242 ratus
977 1200 1024 1242 et
1061 1198 1421 1255 interpretatus:
1469 1202 1651 1257 τρνφαί
1676 1201 1751 1245 vel
1781 1200 1958 1257 ἡδοναί

268 1267 376 1310 sunt
408 1264 690 1323 συνέμποροι
721 1265 902 1308 homini
937 1265 1170 1324 φιλύβρι’.

386 1347 429 1388 p.
460 1337 540 1376 199
570 1332 622 1376 fr.
649 1332 713 1376 Vl
746 1331 921 1375 scribas
948 1345 1052 1374 eum
1077 1331 1374 1377 Theodoreto
1399 1332 1648 1390 ἄκαμπτοι,
1682 1336 1806 1378 reete
1831 1332 1957 1379 enim

266 1412 389 1443 nunc
421 1397 627 1442 Hillerus
659 1397 689 1440 1.
724 1412 758 1440 s.
792 1412 848 1453 p.x
870 1402 953 1442 251
988 1399 1215 1444 refutavit
1246 1399 1479 1444 ἄκναπτοι
1511 1399 1777 1445 Clementis.

389 1479 434 1520 p.
461 1469 544 1507 201
580 1479 711 1508 οοΜΜ.
738 1478 779 1507 v.
811 1469 863 1507 10
883 1478 948 1519 sq.
976 1464 1100 1509 dele:
1149 1467 1222 1510 ‘et
1253 1466 1414 1521 aliqua
1446 1479 1502 1510 ex
1530 1467 1684 1523 parte’
1719 1480 1864 1523 usque
1897 1466 1959 1511 ad.

270 1530 359 1575 ‘etl
396 1529 650 1574 Bulliald.’.

1388 1631 1442 1677 Ο.
1483 1598 1880 1679 Waelismuth.
