2038 3140
138 156 472 190 FR-XV1—XX1
778 168 844 174 —
927 138 1029 191 149
1111 170 1176 177 —

137 276 247 319 τῶν
287 269 471 320 ἄλλων
508 268 733 321 πάντων
772 271 1028 338 γόγγρων
1077 280 1266 337 κρατεῖ
1301 272 1490 340 αὐτός,
1539 274 1674 326 ὅσον
1716 293 1817 342 περ

136 357 351 419 θύννος
390 356 419 409 ὁ
458 359 714 420 πιότατος
752 367 863 411 τῶν
903 360 1267 427 φαυλοτάτων
1306 365 1630 430 κορακίνων.

145 519 283 572 ἀλλά
321 526 415 587 μοι
455 519 660 582 ὀψώνει
699 521 943 587 γλαύκου
981 522 1228 589 κεφαλὴν
1267 522 1327 575 έν
1362 521 1611 594 Ὀλύνθῳ
1834 541 1904 579 (15)

138 606 228 660 καὶ
269 608 574 675 Μεγάροις·
614 610 812 677 σεμνὸς
850 610 955 678 γὰρ
995 608 1271 663 ἁλίσκεται
1311 611 1711 680 ἐκτεναγιστῆς·

145 695 205 748 ἐν
246 692 306 748 δὲ
337 692 505 766 Ῥόδῳ
544 697 745 763 γαλεὸν
783 697 881 748 τὸν
920 696 1192 750 ἀλώπεκα·
1231 697 1334 750 κᾶν
1375 698 1751 769 ἀποθνῄσκειν
1832 716 1904 755 (13)

137 783 361 854 μέλλῃς,
403 783 471 836 ἂν
511 787 583 853 μή
624 798 713 837 σοι
751 789 955 837 πωλεῖν
995 784 1160 855 θέλῃ,
1200 787 1451 855 ἅρπασον
1490 787 1685 854 αὐτόν,

138 873 203 926 ὃν
242 872 501 926 καλεόυσι
541 876 882 943 Συρακόσιοι
921 874 1062 926 κύνα
1099 876 1287 927 πίονα·
1327 868 1463 945 κᾷτα

136 961 371 1030 ὕστερον
410 962 516 1029 ἤδη
556 957 718 1030 πάσχ’
757 962 786 1013 ὅ
825 981 876 1013 τι
917 974 1006 1013 σοι
1044 961 1404 1031 πεπρωμένον
1445 962 1608 1015 ἐστίν.

639 1158 838 1191 HOMERI
876 1156 1067 1192 VERSVS
1107 1157 1308 1191 SIMILES

138 1231 244 1274 XXI
285 1235 310 1274 3
345 1230 449 1276 ὅντε
482 1229 589 1276 κύν’
620 1230 838 1287 Ὠρίωνος
869 1227 1112 1287 ἐπίκλησιν
1143 1230 1392 1292 καλέουσιν
1420 1235 1468 1275 Χ
1485 1237 1541 1276 29

285 1303 312 1341 4
345 1296 585 1357 ὁπποτέρῳ
616 1297 850 1342 θανάτοιο
882 1295 1010 1348 τέλος
1038 1296 1345 1353 πεπρωμένον
1380 1294 1503 1341 ἐστίν
1539 1300 1580 1340 Γ
1599 1302 1684 1342 309

822 1481 1135 1514 TESTIMONIA

245 1562 337 1609 XX
389 1562 509 1610 Ath.
540 1561 641 1609 VH
673 1563 776 1611 295
792 1577 837 1610 c:
877 1558 968 1623 τὴν
1008 1557 1058 1609 δὲ
1098 1567 1184 1610 τοῦ
1222 1560 1440 1627 γλαύκου
1480 1558 1701 1623 κεφαλὴν
1732 1559 1814 1609 ἐπ-

133 1648 288 1691 αινῶν
328 1639 354 1691 ὅ
388 1638 727 1707 Ἀρχέστρατός
759 1656 920 1706 ’φησιν
961 1639 1139 1690 «ἀλλὰ
1172 1667 1239 1675 —·
1273 1648 1669 1707 τεναγιστῆς».

243 1723 360 1770 XXI
413 1724 531 1772 Ath.
563 1723 662 1772 VH
695 1725 842 1772 2862.
879 1726 994 1786 post
1024 1723 1210 1786 Lyncei
1247 1723 1423 1772 verba:
1463 1718 1593 1786 (322)
1619 1717 1707 1788 (sc.
1730 1720 1817 1771 τὸν

132 1800 383 1869 ἀλώπεκα)
423 1801 449 1853 ὁ
490 1801 579 1866 τὴν
609 1799 959 1853 (Ηὸυπᾶθειαν
997 1803 1195 1870 γράψας
1231 1803 1609 1868 παρακελεύεται
1646 1806 1711 1872 τῷ
1747 1801 1814 1866 μὴ

133 1881 395 1953 δυναμένῳ
441 1891 552 1952 τιμῇ
599 1885 994 1951 κατεργάσασθαι
1035 1883 1126 1948 τὴν
1172 1883 1443 1948 ἐπιθυμίαν
1489 1883 1655 1953 ἀδικία
1701 1883 1814 1947 κτή-

132 1969 318 2014 σασθαι
345 1962 456 2028 [τὴν
472 1961 785 2031 ὀψοφαγίαν]
811 1966 998 2029 pergit:
1018 1961 1359 2031 Ἀρχέστρατον
1383 1964 1505 2032 λέγει
1528 1965 1613 2015 τὸν
1629 1963 1815 2029 τένθην

131 2043 158 2095 ὁ
182 2045 433 2112 Λυγκεύς,
463 2042 518 2105 ὃς
549 2044 603 2096 ἐν
632 2049 700 2116 τῷ
722 2045 1084 2116 πολυθρυλήτῳ
1115 2047 1349 2111 ποιήματι
1377 2045 1490 2111 περὶ
1518 2053 1606 2096 τοῦ
1636 2049 1814 2111 γαλεοῦ

131 2124 257 2193 λέγει
302 2125 459 2185 οὕτως
505 2124 602 2175 «ἐν
639 2153 714 2160 -
752 2125 963 2176 ἐστίν».
1038 2129 1157 2177 Ath.
1196 2128 1296 2177 VII
1334 2129 1494 2177 294f:
1548 2122 1651 2176 ἀλλ’
1695 2125 1725 2175 ὅ
1759 2143 1814 2192 γε

126 2203 464 2272 Ἀρχέστρατος
499 2205 613 2272 περὶ
649 2214 738 2257 τοῦ
766 2203 1024 2257 Ῥοδιακοῦ
1062 2212 1239 2274 γαλεοῦ
1275 2205 1431 2273 λέγων
1468 2210 1570 2266 τοῖς
1608 2204 1814 2270 ἑταίροις

131 2294 374 2353 πατρικῶς
412 2305 516 2347 πως
548 2287 906 2352 συμβουλεύων
944 2288 1099 2351 φησίν
1137 2286 1234 2337 «ἐν
1263 2315 1337 2322 -
1368 2285 1576 2337 ἐστίν».

693 2479 948 2514 VAROETAS
986 2480 1207 2514 LEC'PION
1213 2480 1256 2514 IS

248 2553 358 2597 XIX
403 2558 430 2597 2
449 2567 516 2609 sq.
550 2552 664 2598 ὥστε
703 2559 926 2598 τοσοῦτον
963 2560 1056 2598 τῶν
1087 2553 1236 2599 ἄλλων
1267 2553 1457 2599 πάντων
1489 2552 1621 2609 ὄψων
1651 2555 1823 2609 κρατεῖ

131 2614 267 2672 οὗτος
296 2620 356 2676 A,
390 2617 493 2664 ὅστε
517 2642 574 2652 —
593 2619 733 2671 αὐτὸς
762 2617 975 2664 Ribbeck
1005 2622 1195 2665 auctore
1225 2618 1527 2676 Delecampio
1558 2617 1639 2674 qui
1668 2615 1814 2662 vertit

133 2685 235 2743 ‘qui
264 2688 451 2731 tantum
482 2684 690 2730 obsoniis
722 2684 876 2730 anteit
904 2685 1074 2731 ceteris
1105 2684 1340 2730 omnibus’
1411 2682 1619 2742 γόγγρων
1643 2681 1811 2739 scripsi

127 2766 215 2810 pro
246 2751 395 2809 ὄψων,
425 2750 610 2797 κόλπων
640 2750 810 2796 Kaibel

247 2818 336 2863 XX
367 2824 394 2863 2
427 2823 614 2876 σεμνοῖς
642 2818 689 2862 A
761 2816 928 2875 σεμνὸς
952 2851 962 2861 .
981 2853 991 2862 .
1017 2813 1070 2862 ἐν
1085 2815 1327 2874 τενάγεσσι
1350 2815 1653 2861 casaubonus
1670 2812 1810 2858 Dala-

134 2884 374 2943 eampium
403 2886 592 2930 secutus
623 2883 707 2940 qui
737 2885 1030 2940 expresserat
1061 2882 1139 2926 ‘in
1167 2882 1341 2926 limosa
1368 2881 1511 2926 maris
1544 2880 1696 2926 eluvie
1709 2880 1724 2901 ’

248 2950 359 2996 XXI
383 2955 407 2996 1
433 2949 778 3007 ἀποθνήισκειν
793 2951 840 2995 A
900 2953 929 2995 2
954 2945 1116 3007 έθέληι
1131 2950 1178 2995 A
1238 2955 1266 2995 8
1290 2948 1408 2995 κᾶθ’
1428 2952 1471 2994 A
1490 2950 1688 3006 utroque
1703 2945 1808 2991 loeo
