2038 3140
838 138 899 144 —
984 108 1086 160 178
1171 139 1232 144 —
1371 128 1656 162 ARCHESTR.
1687 130 1878 162 HEDYP.

194 243 295 291 suis
322 243 487 291 verbis
521 246 667 304 poeta
700 244 971 306 describat3
1003 259 1118 291 nam
1150 243 1200 291 id
1228 244 1357 306 quod
1382 245 1730 294 difficillimum
1755 248 1878 308 erat,

193 339 367 384 aprum
407 323 690 384 conspicere
733 314 869 389 (οὐδ’
907 321 1086 371 ἐσιδεῖν
1127 318 1338 391 ὄσσοισι)
1387 326 1630 387 profundo
1677 326 1882 373 flumine

195 403 497 464 latitantem,
529 402 580 449 id
607 402 826 450 silicibus
854 404 961 452 oleo
994 404 1198 452 imbutis
1233 407 1382 467 atque
1414 405 1597 453 circulo
1623 406 1672 452 in
1699 421 1880 467 aquam

199 482 429 530 coniectis
465 476 654 546 (δονεῖν
678 477 911 550 ψήφους)
946 483 1273 547 efficiebatur,
1308 485 1455 532 simul
1486 485 1645 533 nassis
1675 488 1882 547 captura

194 563 360 611 fiebat.
422 563 601 625 Itaque
633 564 789 612 verba
827 563 1003 613 τούτου
1045 559 1089 612 δ’
1128 562 1187 613 οὐ
1227 562 1371 628 θέμις
1410 563 1505 613 ἐστὶ
1543 569 1720 630 φαγεῖν
1753 569 1882 627 θνη-

195 647 350 693 τοῖσιν
391 642 574 691 ὃέπασιν
614 644 732 692 licet
772 645 943 693 eadem
982 645 1182 692 notione
1224 646 1324 694 sint
1363 647 1494 694 dicta
1533 662 1631 708 qua
1662 646 1882 707 Eriphus

197 740 273 786 ap.
300 723 418 771 Ath.
445 723 544 771 VII
570 726 716 773 302e
751 719 824 790 (II
850 727 953 774 429
981 718 1143 791 Kock)
1183 726 1255 773 ait
1292 732 1443 774 ταῦτα
1481 724 1572 791 γὰρ
1605 724 1656 774 οἵ
1682 722 1884 788 πένητες

199 804 290 855 οὐκ
323 803 518 869 ἔχουσιν
551 803 806 871 ἀγοράσαι,
844 809 1012 854 tamen
1045 821 1171 868 quae
1205 807 1573 870 subiunguntur
1610 807 1671 854 ab
1695 806 1882 854 Arche·

195 889 354 936 strato
411 881 521 935 οὐδ’
579 884 756 934 ἐσιδεῖν
811 881 1000 935 ὄσσοισι
1065 902 1120 935 eo
1178 891 1432 951 spectant,
1495 888 1626 950 quod
1681 902 1799 948 aper
1852 901 1886 933 a

198 967 528 1029 piscatoribus
559 967 682 1030 ipsis
714 967 967 1015 rarissime
999 983 1089 1015 nec
1112 968 1210 1017 nisi
1235 985 1430 1017 summa
1454 969 1642 1017 astutia
1667 967 1882 1029 conspici

196 1051 408 1110 poterat.
497 1047 617 1104 Quis
666 1049 795 1096 enim
849 1048 1113 1110 impediret
1165 1050 1247 1098 vel
1300 1050 1642 1110 pauperrimos
1696 1049 1881 1111 piscem

197 1129 619 1191 pretiosissimum
659 1130 957 1177 veneuntem
995 1128 1047 1174 in
1085 1129 1192 1177 foro
1234 1129 1521 1191 adspicere?
1587 1128 1771 1178 Gravia
1803 1128 1883 1176 de-

197 1211 312 1257 inde
337 1210 517 1257 menda
541 1210 702 1257 latent
726 1209 778 1256 in
809 1226 853 1257 v.
882 1210 911 1257 8
934 1224 1004 1271 sq.
1057 1209 1134 1256 De
1168 1211 1415 1258 sententia
1447 1210 1665 1259 dubitari
1687 1210 1883 1273 nequit:

197 1287 402 1355 ἄρθρων
451 1288 666 1352 μηλείων
708 1287 971 1353 δωρήματα
1019 1291 1136 1337 sunt
1183 1306 1322 1339 escae
1371 1291 1551 1352 quibus
1593 1291 1699 1352 apri
1739 1306 1769 1338 a
1806 1290 1883 1352 pi-

196 1370 476 1420 scatoribus
527 1370 861 1432 adliciuntur3
924 1370 1079 1418 verba
1125 1370 1378 1434 ingeniose
1435 1371 1659 1419 restituit
1715 1370 1885 1419 Stadt-

196 1453 482 1514 muellerus,
515 1451 654 1499 cuius
685 1450 995 1499 coniecturae
1020 1450 1159 1499 favet
1182 1452 1313 1513 quod
1338 1454 1389 1500 et
1421 1451 1639 1499 αἴθωνι
1670 1453 1885 1519 λογισμῷ

196 1547 344 1581 sensu
377 1534 513 1580 caret
546 1535 595 1579 et
618 1531 746 1579 liber
771 1530 807 1578 O
831 1531 1041 1592 praebet
1064 1530 1273 1595 βάλλειν.
1317 1527 1414 1594 [At
1440 1533 1498 1579 cf.
1515 1532 1646 1580 infra
1669 1549 1715 1594 p.
1738 1530 1882 1593 193]

313 1612 432 1659 XVI
486 1612 704 1660 Macrob.
748 1611 848 1660 Sat.
889 1611 964 1658 ΠΙ
1007 1613 1097 1672 15,
1141 1615 1192 1661 7:
1255 1608 1670 1662 ‘Accersebantur
1715 1616 1884 1661 autem

195 1711 242 1741 m
258 1708 484 1741 urenae
510 1692 572 1740 ad
595 1692 811 1754 piscinas
835 1696 1037 1742 nostrae
1053 1694 1190 1742 urbis
1209 1695 1271 1742 ab
1290 1710 1447 1756 usque
1471 1694 1630 1742 freto
1658 1693 1882 1753 Siculo,

199 1774 354 1837 quod
415 1774 711 1837 Rhegium
765 1789 795 1820 a
849 1775 1130 1823 Messana
1192 1774 1496 1836 dispescit.
1586 1774 1697 1822 Illic
1751 1774 1882 1822 enim

198 1855 423 1917 optime
462 1869 492 1901 a
529 1853 751 1916 prodigis
793 1870 902 1903 esse
942 1857 1213 1904 creduntur
1251 1859 1378 1918 tam,
1424 1854 1686 1914 Hercules,
1735 1869 1882 1916 quam

200 1935 477 1997 anguillae,
535 1936 585 1982 et
636 1935 934 1998 utraeque
982 1951 1050 1983 ex
1096 1951 1161 1983 eo
1215 1937 1344 1983 loco
1392 1933 1614 1982 Graece
1662 1934 1888 1982 πλωταί

197 2018 516 2076 vocantur,
571 2013 749 2062 Latine
789 2015 1007 2078 slutae,
1063 2017 1193 2078 quod
1230 2016 1283 2063 in
1323 2031 1514 2063 summo
1557 2018 1883 2077 supernantes

199 2097 299 2145 sole
354 2095 652 2144 toi-refactae
708 2110 914 2144 curvare
962 2111 1014 2144 se
1059 2112 1205 2158 posse
1252 2099 1303 2144 et
1347 2097 1398 2143 in
1438 2111 1619 2157 aquam
1657 2111 1883 2160 mergere

198 2176 432 2225 desinunt
472 2178 621 2238 atque
662 2175 736 2224 ita
772 2176 945 2226 faciles
986 2180 1135 2240 captu
1172 2171 1340 2224 fiunt'.
1417 2176 1598 2224 Errore
1644 2176 1726 2224 vel
1765 2191 1886 2224 casu

201 2259 390 2306 factum
429 2259 506 2305 est
542 2259 601 2305 ut
639 2258 772 2319 apud
802 2258 1115 2306 Athenaeum
1154 2258 1247 2305 hoc
1286 2257 1626 2320 fragmentum
1657 2258 1787 2319 quod
1820 2257 1883 2305 ad

200 2339 383 2388 lemma
409 2336 645 2402 μύραιναι
670 2331 798 2404 (cap.
817 2331 910 2406 90)
935 2339 1167 2401 pertinet,
1193 2338 1255 2385 ad
1272 2338 1454 2385 lemma
1470 2335 1625 2402 μύρος
1641 2330 1768 2404 (cap.
1788 2331 1883 2404 91)

201 2418 491 2467 deferretur.
545 2418 720 2480 Neque
745 2419 877 2466 enim
900 2419 1199 2481 perspicitur
1223 2434 1319 2480 quo
1344 2418 1546 2466 consilio
1569 2416 1883 2466 Archestrati

198 2497 542 2547 testimonium
582 2513 638 2546 eo
676 2498 784 2547 loco
825 2514 920 2561 quo
959 2499 1059 2547 iam
1107 2498 1311 2562 legitur,
1359 2499 1579 2560 positum
1617 2499 1694 2547 sit.
1774 2497 1885 2555 Qua

199 2579 431 2628 fortunae
471 2578 653 2627 iniuria
692 2579 843 2628 etiam
874 2579 1063 2628 factum
1096 2582 1185 2640 est,
1225 2581 1284 2627 ut
1313 2579 1472 2629 maior
1494 2579 1702 2628 antehac
1733 2579 1882 2627 huius

200 2659 400 2720 eclogae
439 2659 656 2709 ambitus
693 2659 1078 2723 praecideretur.
1155 2660 1286 2708 Nam
1331 2676 1431 2709 non
1475 2660 1636 2708 solum
1681 2659 1882 2707 initium

198 2739 468 2803 fragmenti
492 2741 639 2802 quale
659 2756 791 2790 nunc
812 2740 1054 2790 habemus
1080 2740 1369 2789 mutilatum
1392 2741 1482 2801 est,
1506 2742 1564 2786 ut
1579 2738 1882 2788 Ribbeckius
1904 2776 1907 2778 -
1948 2780 1950 2782 .

199 2821 345 2867 acute
391 2819 603 2881 detexit,
661 2821 746 2869 sed
794 2820 946 2869 etiam
991 2836 1103 2869 cum
1160 2837 1200 2870 v.
1242 2822 1272 2868 2
1328 2815 1362 2882 ἡ
1415 2815 1609 2880 πλωτὴ
1665 2818 1883 2883 μύραινα

198 2895 476 2962 καλουμένη
528 2902 786 2963 tamquam
847 2899 1033 2962 species
1094 2900 1358 2962 peculiaris
1411 2898 1757 2961 praedicetur,
1819 2900 1883 2948 de
