2038 3140
960 161 1019 166 —
1106 130 1172 182 78
1255 161 1315 166 —
1722 150 1986 184 MATRoms

295 274 418 330 ορᾶν
433 260 567 329 οἶμαι
583 265 749 323 θεούς.
774 266 1013 327 Epitheta
1030 263 1337 330 ἀργυρόπεζα
1353 270 1403 314 et
1420 264 1725 329 ἐυπλόκαμος
1742 262 1834 330 (sic
1851 269 1982 315 enim

293 349 505 396 fortasse
525 347 839 395 scribendum
856 349 913 395 ut
929 348 1128 410 legatur
1146 346 1296 410 σηπίη
1314 341 1632 414 ὐπλόκαμος)
1648 348 1832 396 meruit
1845 349 1983 410 sepia

294 428 434 476 cirris
468 428 647 490 quibus
680 430 913 490 venatur,
945 428 1031 489 qui
1063 444 1091 475 a
1122 429 1357 477 Romanis
1392 445 1584 491 quoque
1617 429 1776 477 crines
1809 429 1981 490 appel-

293 509 543 572 labantur,
570 510 629 558 cf.
658 509 781 556 Plin.
807 509 866 557 N.
884 508 947 557 H.
972 509 1044 557 IX
1069 511 1135 557 86
1165 509 1225 557 de
1249 509 1447 570 polypo.
1489 508 1550 556 In
1574 509 1731 557 altero
1758 509 1981 570 epitheto

292 591 508 652 praeivit
539 590 840 639 Philoxenus
871 591 923 637 in
955 590 1115 638 Cenae
1154 591 1215 637 fr.
1248 605 1322 650 ap.
1357 589 1474 636 Ath.
1507 588 1580 635 IV
1619 591 1722 637 147
1742 591 1773 637 b
1807 603 1980 652 σηπιο-

293 671 670 719 πουλυποδείων
703 668 1231 734 ἁπαλοπλοκάμων.
1288 670 1464 718 Adhuc
1494 671 1711 718 nondum
1745 670 1867 718 satis
1902 687 1980 718 ex-

291 751 554 812 planatum
572 754 678 799 erat
695 752 811 813 quid
831 752 926 799 sibi
942 753 1066 801 velit
1080 750 1328 814 αὐδήεσσα
1347 752 1603 813 epitheton
1619 767 1675 799 eo
1689 750 1981 815 mirabilius,

293 833 424 895 quod
457 836 623 880 cetera
655 833 894 894 aquatilia
918 829 1114 881 ἄναυδα
1138 849 1246 881 esse
1281 834 1455 881 solent.
1511 833 1738 880 Pertinet
1770 833 1832 880 ad
1865 831 1977 880 stri-

294 913 464 961 dorem
497 929 644 975 quem
675 914 833 962 mittit
858 914 998 975 sepia
1022 916 1183 974 capta,
1215 913 1274 960 cf.
1302 908 1532 960 ‘Brehms
1559 906 1876 960 Thierleben'
1903 913 1976 960 ed.
2031 943 2034 946 »

290 995 405 1042 mai.
430 998 558 1056 part.
582 994 656 1041 IV
678 998 796 1043 tom.
826 996 854 1041 2
880 1012 927 1056 p.
949 997 1077 1042 206:
1108 989 1301 1042 eausser
1318 994 1525 1041 Wasser
1551 994 1700 1040 stirbt
1725 993 1803 1040 die
1830 993 1978 1054 Sepie

292 1075 408 1122 sehr
447 1075 647 1122 schnell.
710 1074 872 1122 Wenn
903 1091 1020 1123 man
1053 1075 1123 1122 sie
1156 1075 1363 1137 anfasst,
1402 1076 1557 1123 lasst
1597 1075 1682 1122 sie
1716 1075 1809 1122 ein
1843 1075 1980 1122 sehr

289 1155 774 1204 vernehmliches
813 1156 1341 1204 Zahneknirschen
1371 1156 1541 1217 horen,
1582 1156 1709 1203 auch
1741 1155 1874 1203 blast
1905 1155 1977 1203 sie

290 1252 464 1284 ausser
524 1235 730 1284 Wasser
792 1237 905 1285 sehr
966 1237 1128 1300 heftig
1180 1236 1305 1284 Luft
1358 1236 1514 1284 durch
1568 1237 1663 1285 den
1716 1232 1977 1286 Trichter.'

287 1317 484 1366 Priores
531 1318 829 1378 interpretes
869 1319 1073 1380 Apionis
1118 1319 1378 1367 inventum
1425 1318 1855 1378 amplectebantur
1893 1319 1978 1380 qui

289 1396 539 1462 αὐδήεσσα
584 1398 850 1460 explicavit
897 1395 1142 1462 ὅνομαστὴ
1189 1386 1272 1447 καὶ
1317 1396 1518 1457 ἔνδοξος
1565 1393 1672 1447 οἷον
1711 1395 1974 1462 αὑδωμένη

289 1473 369 1546 (Ε.
409 1479 475 1528 Μ.
517 1481 639 1542 169,
682 1481 772 1542 1Ο;
812 1480 952 1528 Eust.
997 1483 1152 1541 1651,
1187 1482 1279 1542 483
1321 1480 1469 1527 schol.
1510 1497 1532 1527 ε
1565 1473 1710 1545 334).
1773 1474 1843 1530 V.
1877 1473 1975 1527 35.

288 1560 348 1608 In
385 1562 648 1622 proverbio
681 1561 779 1608 fuit
811 1560 1011 1609 Graecis
1043 1559 1171 1620 ὅστις
1203 1549 1306 1610 οἶδε
1337 1559 1389 1608 τὸ
1421 1559 1598 1608 λευκὸν
1628 1558 1711 1608 καὶ
1739 1558 1793 1608 τὸ
1825 1557 1977 1623 μέλαν

286 1642 370 1690 vel
416 1639 466 1690 εἴ
494 1658 565 1698 τις
612 1635 715 1689 οἶδε
760 1639 812 1689 τὸ
859 1639 1035 1690 λευκὸν
1079 1639 1114 1706 ἢ
1160 1640 1212 1690 τὸ
1260 1639 1431 1705 μέλανι
1478 1641 1716 1706 παροιμία
1761 1639 1840 1689 ἐπὶ
1877 1647 1976 1690 τῶν

286 1721 420 1770 πάνυ
462 1729 694 1786 φανερῶν
731 1716 917 1788 (Schol.
957 1723 1110 1771 Arist.
1149 1721 1275 1784 EqU.
1321 1715 1504 1789 1276),
1543 1723 1677 1784 quod
1714 1722 1874 1771 facete
1913 1723 1977 1771 ad

289 1803 477 1866 sepiam
523 1803 743 1851 refertur
786 1806 844 1851 ut
890 1819 1018 1865 quae
1063 1804 1173 1865 ipsa
1217 1804 1334 1852 alba
1379 1803 1659 1852 atramento
1706 1803 1861 1852 effuso
1901 1804 1974 1851 111-

285 1885 486 1933 fuscata
515 1899 645 1948 aqua
676 1884 1023 1943 abscondatur.
1079 1881 1151 1931 Of.
1186 1883 1433 1946 imprimis
1466 1883 1607 1933 Ovid.
1635 1883 1748 1932 Hal.
1777 1886 1878 1933 131
1901 1899 1974 1947 sq.

288 1959 358 2013 ‘et
414 1965 654 2027 nigrum
706 1964 878 2012 niveo
931 1967 1136 2026 portans
1198 1965 1250 2012 in
1311 1964 1514 2027 corpor'e
1568 1964 1706 2014 virus
1763 1960 1974 2028 lolligo'.

285 2046 402 2095 Iure
441 2046 654 2094 fortasse
685 2045 1008 2094 Paessensius
1039 2045 1282 2093 librorum
1314 2045 1614 2108 scripturam
1646 2043 1793 2109 ἰχθὺς
1823 2042 1975 2093 ἐοῦσα

288 2124 459 2192 (ἰχθὺς
510 2118 658 2174 οὖσα
708 2125 862 2173 ceteri
916 2124 1131 2173 editores
1183 2119 1377 2192 omnes)
1432 2128 1606 2174 tuetur
1655 2126 1777 2175 locis
1807 2126 1974 2174 home-

284 2208 400 2256 ricis
437 2208 482 2254 Τ
493 2209 560 2256 97
587 2202 718 2271 ‘HQ
749 2208 914 2269 θῆλυς
945 2203 1152 2268 §ovo-ff,
1198 2207 1372 2255 {5409
1398 2205 1541 2270 Αἴθη
1571 2209 1735 2271 θῆλυς
1765 2203 1972 2269 ἕσῦσα*,

285 2289 464 2352 quibus
505 2287 630 2337 adde
675 2287 717 2335 Ο
747 2289 850 2337 619
885 2285 1030 2353 ἐγγὺς
1061 2285 1232 2347 ἔοῦσα;
1281 2288 1456 2336 contra
1501 2303 1623 2350 quos
1669 2287 1796 2336 nihil
1833 2287 1972 2337 valet

284 2384 437 2418 unus
493 2367 700 2418 Homeri
753 2370 890 2418 locus
942 2369 991 2416 Φ
1027 2371 1154 2431 127,
1209 2383 1306 2431 quo
1353 2369 1534 2417 ultima
1588 2368 1783 2430 syllaba
1834 2368 1970 2416 vocis
2037 2429 2038 2432 Ἴ

285 2447 433 2513 ἰχθύς
461 2448 516 2497 111
544 2449 677 2498 thesi
706 2450 858 2512 primi
885 2449 1028 2512 pedis
1058 2449 1365 2510 producitur.
1411 2449 1617 2498 Accedit
1634 2448 1781 2510 -quod
1809 2447 1971 2496 forma
2036 2435 2038 2444 ⁴

285 2521 410 2580 οὖσα
441 2530 504 2579 ab
535 2529 754 2580 Homero
786 2530 950 2579 aliena
979 2533 1059 2579 est
1086 2532 1286 2592 praeter
1314 2547 1471 2579 unum
1501 2529 1754 2593 Odysseae
1785 2531 1968 2580 librum

282 2630 324 2676 τ,
340 2611 430 2660 ubi
444 2628 491 2661 v.
509 2612 615 2660 489
635 2607 789 2674 οὔσης
805 2611 992 2673 legitur
1006 2606 1208 2673 (‘forma
1221 2606 1434 2661 novicia'
1450 2611 1659 2659 adnotat
1673 2605 1969 2677 Nauckius).

283 2686 352 2742 V.
379 2686 456 2742 36
481 2708 552 2755 sq.
602 2689 774 2750 Τιτυὸς
811 2691 1021 2755 λίμνης
1059 2693 1343 2754 appellatur
1372 2707 1555 2754 conger
1591 2693 1653 2754 ut,
1688 2693 1970 2754 opponatur

285 2774 433 2822 alteri
477 2773 553 2822 illi
591 2773 765 2838 Tityo,
806 2772 1001 2822 Gaeae
1045 2773 1163 2822 filio.
1209 2773 1384 2837 Neque
1430 2772 1561 2821 enim
1605 2788 1788 2822 nomen
1826 2771 1966 2834 Tityi
2005 2833 2013 2842 ·

285 2854 481 2904 0111111110
541 2854 728 2902 mutari
787 2857 956 2916 potest
1007 2847 1318 2921 (Meinekius
1372 2853 1552 2903 collato
1612 2852 1672 2902 fr.
1724 2853 1804 2901 HI
1853 2868 1965 2915 pro-

282 2938 520 2998 posuerat
557 2933 644 2983 καί
678 2929 722 2998 ῤ’
765 2931 878 2982 υἱὸν
917 2927 1051 2984 εἶδον
1089 2927 1172 3001 λ.),
1222 2949 1334 2984 011111
1371 2934 1534 2983 Matro
1575 2933 1780 2982 deorum
1819 2932 1965 2982 semi-
2024 2922 2025 2925 Ἴ
