2038 3140
828 176 895 183 —-
981 146 1085 197 174
1168 175 1230 182 —-
1363 164 1649 199 ARCHESTR.
1679 168 1868 200 HEDYP.

293 282 364 329 IX
417 277 484 331 V.
523 276 576 331 1.
631 281 752 329 Cum
787 283 895 343 pari
928 283 1229 330 contumelia
1261 298 1447 344 coquus
1482 271 1705 344 loquitur
1736 283 1869 345 apud

185 362 527 411 Damoxenum
578 357 715 427 (Ath.
757 362 836 409 III
890 364 1035 411 1021)
1069 385 1138 401 =
1179 363 1251 410 IV
1293 364 1400 412 530
1440 355 1635 429 Mein.):
1699 362 1868 427 διόπερ

184 442 416 507 μάγειρον
456 442 572 490 ὅταν
605 441 716 510 ἴδῃς
747 439 1066 507 ἀγράμματον
1098 481 1144 492 ..
1180 443 1488 507 μινθώσας
1528 440 1664 506 ἄφες.
1727 439 1794 494 V.
1831 439 1864 491 2

182 522 328 588 γόνος
385 527 501 572 sunt
554 523 780 585 pisciculi
834 524 1028 573 minuti.
1116 525 1341 588 Hegemo
1391 524 1602 572 Thasius
1651 525 1703 572 in
1749 525 1865 572 Phi-

181 605 348 652 linnae
387 605 668 666 fragmento
711 598 852 669 (Ath.
886 604 963 652 III
1000 607 1140 654 1080
1167 628 1235 644 =
1261 606 1286 653 I
1321 607 1426 654 700
1457 597 1622 671 Kock)
1660 602 1743 652 καὶ
1783 603 1867 663 δὸς

181 689 483 750 καταφαγεῖν
522 682 673 733 κάπὸ
714 684 974 749 τηγάνου
1013 685 1207 751 γόνον.
1285 681 1353 734 V.
1395 681 1429 733 3
1458 700 1562 748 sqq.
1603 685 1868 747 Discrepat

181 767 243 813 ab
276 766 606 815 Archestrato
645 765 947 815 Aristoteles
987 767 1050 817 N.
1083 767 1145 816 H.
1186 767 1258 815 VI
1302 769 1383 829 14,
1427 769 1456 814 2
1499 760 1607 814 οἷον
1646 763 1728 813 καὶ
1766 772 1866 829 τῆς

180 844 378 910 ἀφύης
417 843 443 895 ὅ
483 846 855 909 καλούμενος
901 845 1090 912 ἀφρὸς
1132 848 1344 914 γίγνεται
1384 845 1436 895 ἐκ
1474 854 1560 911 τῆς
1598 845 1866 910 ἁμμώδους

178 934 270 993 γῆς
309 921 418 976 οἷον
463 926 595 992 περὶ
635 923 892 990 Ἀθήνας
933 926 986 976 έν
1023 932 1270 992 Σαλαμῖνι
1316 926 1398 976 καὶ
1442 926 1564 993 πρὸς
1610 931 1675 997 τῷ
1720 928 1865 991 Θεμι-

181 1008 406 1076 στοκλείῳ
461 1006 544 1056 καὶ
600 1006 652 1056 έν
700 1010 1012 1073 Μαραθῶνι·
1078 996 1138 1058 έν
1176 1009 1269 1075 γὰρ
1315 1009 1505 1067 τούτοις
1550 1013 1652 1068 τοῖς
1698 1008 1866 1068 τόποις

178 1089 391 1154 γίγνεται
431 1087 456 1138 ὁ
489 1087 680 1152 ἀφρός
719 1125 730 1137 .
757 1129 765 1137 .
795 1130 802 1138 .
844 1087 896 1137 ἐκ
930 1087 982 1138 δὲ
1014 1097 1098 1154 τῆς
1136 1093 1478 1154 Φαληρικῆς
1511 1084 1636 1156 (scil.
1671 1084 1864 1157 ἀφύης)

179 1170 429 1235 γίγνονται
469 1169 753 1234 μεμβράδες.
815 1172 885 1219 At
916 1172 1078 1220 Matre
1120 1188 1315 1235 quoque
1348 1187 1528 1234 aquam
1551 1171 1864 1220 Phalericam

178 1251 354 1299 laudat
387 1251 549 1300 Cenae
579 1269 626 1301 v.
653 1253 735 1299 22.
813 1251 1047 1300 Ceterum
1084 1252 1361 1300 rectissime
1398 1252 1525 1301 vidit
1563 1252 1863 1300 R-ibbeckius

179 1333 277 1380 dici
315 1347 413 1380 non
452 1332 679 1394 potuisse
718 1328 836 1395 λαβὲ
869 1357 938 1365 —-
971 1328 1248 1396 ληφθένθ’,
1289 1333 1375 1381 sed
1412 1334 1551 1395 prius
1591 1333 1714 1380 illud
1745 1329 1864 1396 λαβέ

178 1429 278 1462 non
311 1413 695 1472 sollicitandum,
735 1412 886 1460 immo
919 1413 1139 1475 recipere
1172 1413 1324 1462 debui
1349 1413 1725 1462 Stadtmuelleri
1750 1429 1863 1462 con-

177 1494 419 1543 iecturam
473 1507 597 1555 pro*
618 1488 870 1556 ληφθένθ’
921 1493 1207 1555 reponentis
1262 1489 1577 1557 θρεφθένθ’,
1632 1493 1682 1540 id
1729 1493 1862 1555 quod

177 1573 550 1623 commendatur
590 1578 640 1623 et
670 1574 836 1623 verbis
877 1571 929 1622 ἐν
961 1571 1176 1639 ἀγκῶσιν
1209 1577 1259 1622 et
1288 1575 1395 1623 loco
1426 1574 1742 1622 Archestrati
1764 1574 1863 1621 XII

179 1657 209 1704 2
231 1671 300 1718 sq.
340 1651 480 1719 λαβὲ
521 1651 564 1703 δ’
603 1653 754 1703 αὐτὸν
789 1655 795 1715 Ι
829 1653 1062 1720 θρέμμα
1092 1658 1432 1714 Σελινοῦντος.
1501 1650 1571 1707 V.
1599 1650 1653 1704 5.
1694 1655 1863 1704 Verba

177 1734 264 1784 ἐὰν
305 1733 560 1801 ἐπιχώριος
599 1734 723 1804 ἔλθῃ
769 1737 1089 1784 illustrantur
1126 1737 1185 1785 fr.
1218 1738 1291 1786 XI
1331 1739 1381 1785 et
1419 1737 1631 1785 XXXIV
1667 1740 1734 1787 10
1755 1754 1858 1801 sqq.

175 1811 244 1865 V.
294 1812 348 1866 6.
406 1817 504 1866 Cfr.
553 1818 716 1866 Matro
763 1820 831 1866 71
881 1813 1122 1883 γεύσασθ’
1174 1817 1389 1882 ἱμείρων.
1481 1812 1548 1867 V.
1594 1813 1625 1865 7
1673 1819 1860 1867 urticas

176 1899 395 1947 marinas
435 1898 570 1946 haud
609 1897 757 1946 dubie
799 1900 948 1959 poeta
985 1897 1251 1959 intellegit.
1324 1897 1433 1946 Vox
1471 1895 1751 1961 ἀμφίκομος
1783 1901 1860 1947 cst

177 1979 448 2027 homerica:
491 1980 655 2028 P677
697 1977 878 2047 θάμνῳ
917 1973 1003 2026 ’ὑπ’
1039 1976 1318 2046 ἀμφικόμῳ.

286 2059 331 2106 Χ
371 2059 491 2122 quin
531 2059 702 2107 statim
741 2059 800 2107 fr.
840 2058 911 2106 IX
958 2055 1228 2121 exceperit,
1282 2059 1364 2107 vix
1410 2061 1577 2120 potest
1623 2059 1857 2108 dubitari.

165 2139 403 2204 ‘Clearchi
443 2140 574 2188 enim
612 2140 764 2189 verba
801 2155 899 2188 non
939 2139 1001 2187 ad
1041 2140 1315 2202 quamlibet
1353 2140 1503 2188 aliam
1534 2156 1715 2202 apuam
1746 2157 1858 2202 per-

175 2221 333 2269 tinere
372 2221 629 2281 videntur,
667 2221 818 2269 immo
859 2221 922 2268 ad
961 2235 1070 2268 eam
1109 2235 1258 2282 quam
1296 2221 1438 2269 initio
1478 2222 1536 2269 fr.
1576 2221 1648 2268 IX
1685 2221 1860 2269 laudat

86 2310 89 2313 ’
175 2305 324 2363 poeta
347 2317 530 2364 apuam
553 2301 764 2350 Athenis
789 2303 1010 2363 captam:
1035 2300 1280 2350 Rhodiam
1303 2301 1503 2364 quidem
1527 2305 1584 2350 ut
1609 2317 1736 2364 quae
1758 2316 1858 2350 non

178 2382 300 2431 satis
339 2383 525 2431 habeat
561 2382 892 2446 pinguediniS,
931 2382 983 2429 in
1023 2382 1131 2430 olco
1173 2397 1280 2432 esse
1310 2382 1618 2446 frigendam3
1649 2381 1702 2429 id
1733 2397 1856 2444 opus

175 2478 274 2511 non
314 2478 420 2512 esse
453 2463 515 2511 ad
555 2479 735 2525 apuam
776 2463 1112 2526 apparandam
1152 2478 1278 2526 quae
1310 2463 1520 2511 Athenis
1551 2463 1671 2510 nata.
1701 2464 1856 2510 esset:

174 2543 301 2592 hanc
339 2545 500 2607 ipsam
540 2545 673 2593 enim
709 2545 794 2595 vix
830 2545 938 2607 igni
982 2543 1270 2606 impositam
1310 2543 1522 2592 stridere
1560 2542 1706 2590 modo
1745 2542 1854 2591 olei.

173 2623 352 2687 Itaque
393 2626 462 2674 sic
499 2625 603 2674 fere
642 2641 816 2675 versus
854 2625 980 2674 istos
1019 2625 1366 2673 reconcinnare
1403 2625 1571 2672 liceat:

283 2704 421 2774 κείνῃ
462 2701 506 2754 δ’
543 2698 608 2755 αὗ
647 2702 802 2770 μηδὲν
839 2701 1183 2772 προσενέγκῃς,
1221 2700 1324 2754 ἀλλ’
1368 2701 1447 2753 ἐπὶ
1483 2701 1670 2768 θερμὸν

285 2784 501 2851 τήγανον
539 2784 870 2852 ἐμβληθεῖσαν
909 2783 1046 2849 ἄφαρ
1085 2783 1315 2842 σίζουσαν
1353 2782 1566 2848 ἀφαίρει.

285 2863 442 2924 εὐθὺς
479 2863 572 2931 γὰρ
610 2865 748 2930 κείνη
787 2865 1016 2931 καθάπερ
1053 2861 1284 2915 τοῦλαιον
1321 2859 1406 2927 ἅμ’
1441 2857 1588 2926 ἧπται

285 2942 366 2993 καὶ
405 2945 531 3004 σίζει.
